2588 4687
883 285 1375 350 ——35—

21 507 30 568 ':
104 461 157 538 Ι)
193 479 279 522 ex
316 455 781 544 singularibus,
836 453 1029 518 nobis
1072 472 1189 538 per
1234 467 1466 512 sensus
1509 448 1834 525 mutilate,
1887 443 2161 512 confuse

20 597 30 644 ‘e
104 593 165 640 et
208 577 357 640 sine
402 572 637 639 ordine
690 573 769 636 ad
825 573 1225 635 intellectum
1288 567 1806 652 repraesentatis.
1889 565 1970 626 Et
2007 561 2158 629 ideo

20 742 32 1392 ὦ

20 678 32 729 ⁴¹
101 695 255 756 tales
298 691 749 776 perceptiones
797 687 1237 772 cognitionem
1282 686 1360 747 ab
1401 681 1806 763 experientia
1850 703 2009 768 vaga
2045 703 2162 746 vo·

102 833 246 876 care
290 809 626 873 consuevi.
709 810 801 887 11)
841 805 950 870 Ex
992 804 1227 890 signis,
1269 824 1372 870 ex.
1411 821 1502 885 gr.
1544 820 1630 862 ex
1669 819 1748 860 eo
1767 843 1788 877 ‚
1833 797 2007 883 quod
2044 819 2158 862 au·

100 928 245 994 ditis
290 948 397 994 aut
437 928 621 992 lectis
668 923 1043 1012 quibusdam
1095 920 1306 986 verbis
1359 941 1578 1006 rerum
1630 913 2046 980 recordemur
2088 933 2158 981 et

98 1067 319 1110 earum
376 1043 684 1131 quasdam
724 1043 901 1108 ideas
959 1041 1318 1106 formemus
1366 1036 1606 1102 similes
1647 1034 1765 1112 iis,
1833 1055 1955 1119 per
1997 1051 2156 1118 quas

97 1186 199 1229 res
242 1164 689 1250 imaginamur.
770 1164 1132 1244 Utrumque
1157 1158 1338 1218 hunc
1377 1174 1478 1218 res
1509 1147 1996 1235 contemplandi
2023 1171 2160 1212 mo-

99 1282 249 1345 dum
296 1281 735 1368 cognitionem
776 1278 975 1366 primi
1015 1274 1314 1364 generis,
1370 1270 1748 1357 opinionem
1791 1269 1896 1332 vel
1933 1265 2176 1352 imagi*
2253 1303 2270 1322 x

99 1402 436 1464 nationem
490 1401 569 1462 in
622 1414 957 1484 posterum
1010 1395 1276 1460 vocabo.
1363 1387 1486 1469 ΙΙΙ)
1543 1387 1856 1470 Denique
1913 1405 2000 1447 ex
2057 1404 2159 1462 eo,

102 1518 277 1605 quod
358 1518 665 1581 notiones
774 1531 1153 1578 communes
1242 1524 1594 1588 rerumque
1661 1501 2158 1587 aproprietatum
2241 1560 2251 1568 ,

21 1639 24 1684 ἓ
96 1637 273 1702 ideas
328 1634 707 1721 adaequatos
752 1633 1093 1694 habemus.
1201 1623 1418 1708 Atque
1472 1622 1648 1685 hanc
1704 1617 2030 1714 rationem
2087 1630 2158 1678 et

98 1752 377 1820 secundi
442 1752 697 1839 generis
748 1747 1205 1834 'cognitionem
1266 1741 1536 1806 vocabo.
1662 1739 1934 1808 Praeter-5
1993 1731 2158 1796 haec

21 1851 23 1860 Ι
92 1874 223 1938 duo
282 1871 671 1958 cognitionis
728 1887 969 1954 genera
1008 1863 1197 1927 datur
1234 1893 1324 1908 —-
1365 1853 1537 1918 aliud
1583 1852 1846 1918 tertium
1861 1894 1884 1929 ‚
1982 1846 2159 1934 quod

95 1991 441 2056 scientiam
494 1984 865 2050 intuitivam
934 1977 1326 2046 vocabimus.
1403 1987 1413 1992 ’
1450 1969 1666 2055 Atque
1721 1967 1852 2030 hoc
1911 1985 2156 2050 cogno·

95 2111 327 2180 scendi
406 2129 611 2196 genus
678 2098 975 2191 procedit
1059 2099 1139 2182 ab
1206 2091 1554 2175 adaequata
1624 2085 1771 2149 idea
1837 2082 2158 2148 essentiae

91 2229 383 2297 formalis
440 2221 842 2311 quorundam
897 2217 1033 2282 Dei
1090 2212 1544 2278 attributorum
1599 2201 1680 2268 ad
1737 2199 2156 2284 adaequatam

92 2350 541 2438 cognitionem
582 2339 895 2407 essentiae
935 2357 1172 2401 rerum.

262 2520 471 2603 Hujus
517 2511 817 2577 diffusius
862 2508 1075 2572 statim
1130 2526 1169 2565 a
1222 2500 1414 2564 nobis
1457 2488 1880 2581 explicandae
1922 2486 2157 2553 doctri-⁶

92 2663 217 2703 nae
260 2639 487 2702 vitium
537 2634 613 2695 in
653 2653 733 2693 eo
774 2626 1181 2713 potissimum
1225 2632 1511 2689 constat,
1553 2609 1728 2696 quod
1753 2604 2154 2691 cognitionis

92 2776 405 2843 generum
432 2748 784 2814 discrimen
826 2743 901 2805 in
944 2740 1081 2803 sola
1109 2733 1504 2820 quantitate
1528 2726 1817 2810 positum
1849 2740 1996 2785 esse
2021 2719 2158 2804 spi·

21 2900 23 2903 ’
89 2896 273 2939 noza
294 2869 637 2934 existimat.
706 2863 911 2923 Recte
938 2876 1098 2920 sane
1122 2847 1498 2937 imaginatio
1525 2864 1670 2907 non
1695 2839 1938 2914 minus,
1964 2856 2154 2920 quam

86 2992 462 3057 intellectus
504 2980 850 3059 adaequate
893 2984 1333 3051 cognoscens,
1375 2956 1798 3039 Cogitationis
1843 2952 2024 3013 modi
2046 2950 2160 3011 ha·

84 3106 299 3175 bandi
340 3112 553 3163 erunt.
638 3090 761 3155 Sed
803 3081 1091 3169 quamvis
1134 3078 1531 3139 diversarum
1561 3062 1990 3151 Cogitationis
2034 3060 2162 3124 for-

84 3242 351 3292 marum
393 3208 722 3279 distinctio
765 3207 1100 3269 internum
1142 3214 1366 3258 earum
1408 3186 1759 3251 discrimen
1796 3199 2034 3264 negare
2075 3177 2165 3242 vi-

88 3346 365 3409 deatur,
425 3350 647 3396 tamen
700 3326 795 3391 rei
840 3319 1153 3406 cogitatae
1196 3309 1625 3376 mutationem
1671 3301 1860 3367 simul
1904 3298 2042 3383 ejus
2083 3296 2162 3359 in

91 3460 423 3545 cogitante
452 3446 877 3513 mutationem
908 3437 1248 3503 continere
1274 3422 1754 3513 respiciendum
1783 3435 1907 3490 est.
1991 3420 2162 3483 Cum

92 3579 283 3643 enim
321 3573 399 3633 in
440 3566 815 3653 cognitione
856 3578 961 3623 res
1005 3580 1043 3619 a
1082 3553 1398 3630 notione,
1453 3543 1639 3609 notio
1681 3563 1720 3605 a
1758 3561 1862 3603 re
1874 3530 2159 3620 separari

90 3706 405 3779 nequeat,
459 3704 605 3748 non
648 3684 857 3747 solum
901 3672 1274 3760 quantitatis
1322 3669 1398 3729 in
1433 3662 1704 3751 gradus,
1745 3653 1858 3722 sed
1902 3650 2160 3736 qualita-

93 3816 177 3877 tis
234 3811 309 3872 in
366 3801 620 3891 generis
680 3794 1044 3859 mutatione
1098 3783 1467 3851 differentia
1509 3778 1718 3850 adest,
1805 3789 1970 3856 quae
2023 3782 2158 3829 tam

94 3933 171 3994 in
212 3922 522 4001 materia,
584 3936 779 4003 quam
820 3910 897 3973 in
928 3909 1139 3972 forma
1169 3922 1309 3968 sese
1353 3895 1748 3967 manifestat.

1626 4234 1764 4298 02
