2588 4687
956 257 1453 323 ——53--

530 455 1003 598 CAPUT
1140 489 1839 599 TERTIUM.
1896 559 1899 566 -

263 795 330 858 E
351 795 670 882 Spinozae
709 792 1114 884 philosophia
1152 796 1225 860 in
1254 794 1733 864 Leibnitianam
1760 788 2081 908 transitus.

223 961 244 992 “
314 957 458 1017 Hoc
499 953 697 1017 modo
738 978 855 1040 per
895 972 1098 1020 totam
1143 955 1467 1039 Spinozae
1508 955 1984 1042 philosophiam
2028 949 2207 1016 intel-

118 1071 383 1134 lectum
427 1073 896 1158 conspicimus,
968 1075 1078 1158 qui
1135 1090 1322 1137 extra
1365 1073 1787 1138 substantiam
1828 1093 1968 1136 non
2004 1070 2204 1152 ipsius

121 1191 534 1254 substantiae
588 1191 954 1254 intellectus
1017 1207 1132 1257 est.
1249 1191 1535 1254 Primum
1589 1210 1779 1255 mens
1832 1205 1899 1254 et
1953 1204 2209 1273 eorpus,

121 1321 280 1368 tum
323 1327 512 1372 mens
571 1323 636 1371 et
677 1307 864 1373 Deus
923 1309 1315 1394 adaequatae
1364 1307 1550 1373 ideae
1601 1306 2052 1393 suppositione
2084 1305 2209 1366 im-

120 1423 420 1488 mediate
463 1425 976 1510 coniunguntur,
1020 1426 1180 1488 unio
1225 1447 1389 1489 vero
1428 1426 1526 1487 nil
1568 1425 1702 1488 nisi
1746 1429 2059 1488 abstracta
2102 1442 2206 1483 ro-

118 1539 370 1602 ductio
424 1560 558 1617 est,
648 1565 810 1630 quae
879 1544 1022 1635 sine
1077 1542 1467 1607 deductione
1534 1541 1756 1606 datum
1820 1539 2204 1624 finitumque

117 1657 394 1741 jamjam
437 1662 787 1725 inventum
829 1677 898 1724 et
932 1664 1225 1725 naturale
1264 1677 1333 1724 et
1370 1659 1773 1744 intelligibile
1808 1658 2207 1722 Universum·

115 1777 350 1838 statim
391 1795 464 1840 ut
503 1779 664 1842 Non
691 1809 720 1826 ·
743 1779 890 1845 Ens
929 1780 1200 1867 accipit,
1284 1776 1497 1866 quod,
1572 1778 1651 1846 in.
1701 1797 1773 1841 se
1821 1789 2203 1864 spectatum,

120 1895 322 1956 omni
363 1896 634 1959 veritate
693 1913 886 1966 caret.
1798 1875 1817 1900 κ

305 2011 670 2076 Substantia
692 2058 714 2092 ,
751 2012 1014 2078 interne
1055 2014 1343 2080 essentia
1380 2031 1781 2100 permanens
1799 2055 1825 2090 ,
1876 2007 2202 2072 actualita-

122 2143 269 2192 tem
310 2129 706 2209 nonhabet,
751 2131 880 2210 sio,
923 2148 995 2195 ut
1023 2134 1125 2196 vel
1163 2134 1509 2226 attributa,
1550 2129 1844 2214 quamvis
1870 2142 2199 2190 aeternam

120 2262 196 2308 et
252 2246 584 2309 infinitam
639 2249 1036 2312 substantiae
1091 2249 1449 2324 essentiam
1508 2247 1915 2332 exprimant,
1975 2261 2201 2306 revera

117 2386 268 2424 non
305 2365 462 2427 sint.
547 2368 771 2451 Itaque
807 2368 1177 2431 intellectus
1208 2366 1484 2455 nonnisi
1512 2364 1869 2429 formaliter
1898 2363 2198 2425 substan-

118 2482 288 2543 tiam
331 2480 404 2543 in
447 2501 516 2545 se
559 2478 884 2568 concipit,
946 2505 1107 2567 quae
1162 2484 1341 2567 ipsa,
1408 2483 1485 2544 in
1528 2504 1600 2547 se
1641 2476 1960 2564 spectata,
2015 2497 2198 2540 mere

121 2598 445 2692 objectiva
486 2599 632 2663 sine
671 2599 1026 2663 reflexione
1078 2602 1154 2661 in
1209 2620 1279 2663 se
1336 2600 1624 2677 exsistit,
1693 2566 1831 2711 φη
1869 2611 2023 2657 aetu-
2056 2610 2194 2655 tam

119 2715 428 2799 negative
463 2738 568 2804 ‘ex
621 2738 692 2780 se
745 2716 988 2794 exiret,
1056 2738 1250 2801 quam
1300 2717 1597 2801 negative
1650 2716 1855 2777 simul*
1896 2726 2192 2796 egressus

119 2834 470 2915 negatione
511 2852 806 2918 regressu
845 2834 922 2895 in
947 2853 1018 2897 se
1055 2833 1299 2897 rediret
1326 2852 1521 2917 atque
1552 2834 1679 2895 hoc
1722 2812 1923 2893 modo
1966 2846 2193 2890 revera

118 2949 452 3011 infinitam
482 2950 678 3013 vitam
713 2952 979 3017 viveret.
1067 2952 1436 3014 Substantia
1474 2952 1669 3034 igitur
1708 2970 1849 3010 non
1892 2962 1987 3008 est
2014 2938 2194 3029 prael

119 3066 484 3129 dicatorum
529 3068 920 3150 subjeetum,
967 3090 1094 3149 qua
1137 3066 1221 3142 de
1261 3088 1451 3131 eausa
1495 3065 1982 3151 personalitate,
2027 3077 2188 3140 quae

115 3186 486 3267 negativam
535 3186 768 3248 mentis
810 3186 884 3247 in
927 3206 998 3250 se
1040 3184 1468 3250 reflexionem
1512 3182 1852 3270 exprimit,
1910 3175 2187 3241 omnino

116 3317 332 3378 caret,
375 3317 442 3363 et
469 3303 696 3367 asserit
723 3303 1045 3386 Spinoza,
1089 3324 1159 3367 se
1190 3303 1270 3367 de
1300 3304 1436 3369 Dei
1476 3299 1947 3388 personalitate,
1991 3314 2189 3381 quam

111 3416 400 3500 theologi
467 3419 692 3503 magni
766 3419 1096 3501 facerent,
1179 3424 1379 3508 plane
1427 3421 1523 3482 nil
1568 3418 1917 3502 concipere
1970 3424 2185 3496 posse.

111 3534 438 3617 (Cogitata
477 3535 946 3622 Metaphysica.
1010 3538 1411 3625 Appendicis
1452 3540 1520 3600 P.
1563 3538 1646 3602 11.
1688 3533 1857 3601 VIII.
1894 3555 1963 3616 p.
2006 3527 2187 3603 121.)

116 3654 263 3732 Qua
306 3649 388 3715 de
442 3673 632 3717 eausa
684 3654 1137 3720 intellectualis
1177 3658 1313 3721 Dei
1356 3677 1573 3731 amor,
1628 3652 1919 3733 fragilem
1961 3664 2182 3709 rerum

114 3768 472 3859 vanitatem
515 3786 974 3857 aeternamque
1015 3774 1152 3838 Dei
1191 3773 1531 3837 veritatem
1571 3768 1962 3850 intelligere,
2001 3780 2185 3848 prae·-

114 3884 304 3965 cipue
347 3886 424 3947 in
465 3907 536 3949 se
579 3890 900 3957 eontinet.
1896 3960 1901 3967 .

327 4006 490 4066 Cum
537 4024 692 4089 ergo
731 4009 920 4070 Deus
963 4010 1194 4085 rebus,
1254 4026 1357 4069 res
1400 4006 1554 4069 Deo
1596 4004 2035 4065 immanenter
2072 3995 2181 4056 in·
2282 3987 2317 4035 '⁸

113 4136 267 4185 sunt
316 4140 666 4206 rerumque
734 4124 1068 4188 finitarum
1137 4122 1515 4190 exsistentia
1583 4122 1871 4185 absoluta
1937 4114 2181 4201 speeies
