2588 4687
847 297 1334 362 -47-.-

43 465 248 546 XX.)
333 469 482 547 Quo
523 465 727 550 magis
772 465 966 551 igitur
1007 463 1455 549 unusquisqne
1496 482 1685 528 suum
1729 463 1887 528 utile
1934 487 2123 550 quae·

43 606 232 662 rere,
288 584 354 649 h.
410 606 467 649 e.
543 603 734 646 suum
793 583 960 645 Esse
1013 603 1397 647 conservare
1460 599 1732 647 conetur
1788 600 1855 646 et
1892 601 2125 666 potest,

48 723 130 764 eo
175 702 384 785 magis
428 701 663 766 virtute
703 700 1027 786 praeditus
1071 717 1204 776 est,
1249 701 1523 778 eontra,
1566 717 1880 786 quatenus
1926 723 2127 768 unus-

50 821 332 904 quisque
373 841 560 884 suum
604 819 792 896 utile,
863 819 928 882 h.
973 839 1028 882 e.
1073 838 1260 881 suum
1305 818 1506 895 Esse,
1578 838 1962 885 conservare
2004 841 2152 886 nem

49 939 273 1020 gligit,
332 953 596 1000 eatenus
652 953 752 1000 est
807 936 1156 1021 impotens.
1246 938 1458 1016 Quam
1514 937 1599 998 ob
1656 958 1793 1001 rem
1840 938 2163 1022 spinea-1

51 1073 205 1130 eos,
251 1055 365 1138 qui
400 1077 469 1119 se
509 1053 946 1131 interficiunt,
1003 1054 1220 1117 animo
1269 1073 1415 1116 esse
1456 1055 1847 1138 impotentes
1888 1077 2128 1140 eosque

59 1191 96 1232 a
139 1173 351 1234 causis
399 1173 720 1249 externis,
765 1192 920 1234 suae
963 1188 1233 1234 naturae
1275 1173 1819 1254 repugnantibus,
1862 1195 2127 1259 prorsus

61 1289 240 1350 vinci
279 1289 636 1358 contendit.
725 1289 953 1368 Quoad
997 1307 1288 1352 mentem
1335 1311 1527 1364 vero,
1592 1289 1767 1352 hane
1808 1307 1945 1356 tum
1990 1293 2129 1378 pati

63 1404 342 1488 ideoque
386 1408 548 1470 vitio
592 1409 884 1470 laborare
925 1406 1381 1491 intelligimus,
1424 1407 1481 1468 si
1521 1406 1977 1492 inadaequatas
2027 1435 2129 1476 re—

61 1543 212 1584 rum
253 1521 428 1586 ideas
469 1523 680 1586 habet.
766 1525 894 1587 Ubi
951 1541 1179 1587 contra
1237 1523 1621 1608 adaequatas
1677 1547 1893 1588 rerum
1948 1527 2128 1595 ideas

65 1621 254 1704 inse
293 1639 532 1724 gignit,
574 1642 942 1705 necessario
987 1642 1242 1705 virtutis
1285 1640 1499 1703 studio
1541 1642 1935 1722 accenditur,
1978 1668 2133 1729 quo·

61 1755 248 1818 niam
305 1779 560 1822 summa
615 1759 818 1823 virtus
872 1761 946 1820 in
1001 1758 1279 1822 colendo
1336 1757 1531 1820 tertio
1592 1761 1979 1843 cognitionis
2022 1785 2132 1846 ge·

63 1893 224 1938 nere
267 1876 619 1940 consistere
660 1875 866 1942 debet.
911 1877 1093 1956 (Eth.
1139 1881 1200 1944 1³.
1228 1880 1339 1942 IV.
1382 1875 1531 1944 Pro.
1570 1875 1875 1959 xxxm.)
1958 1879 2138 1942 Sum-

66 2013 248 2056 mum
290 1994 472 2059 enim
516 1993 758 2058 mentis
797 1996 1046 2056 bonum
1102 2010 1204 2058 est
1243 1993 1383 2058 Dei
1440 1993 1727 2078 cognitio
1768 2012 1837 2059 et
1874 2016 2135 2061 summa

64 2112 308 2176 mentis
351 2112 592 2191 virtus,
630 2113 856 2176 Deum
898 2131 1319 2196 cognoscere.
1448 2111 1645 2190 (Eth.
1714 2114 1779 2182 P.
1812 2116 1935 2186 ‚1v.
1958 2119 2133 2196 ,Pro.

69 2230 378 2310 xxvm.)

605 2390 668 2451 8.
770 2381 908 2443 'De
1000 2382 1640 2448 Voluntaee.

754 2516 808 2552 n.
877 2501 1127 2553 Servitus
1170 2499 1449 2555 humana.

239 2599 566 2683 Quamdiu
603 2602 798 2686 igitur
838 2602 1475 2686 horum-adaequata
1516 2625 1737 2667 rerum
1780 2602 1927 2667 idea
1968 2626 2144 2667 non·

75 2716 230 2779 dum
271 2735 524 2804 parata,
589 2718 940 2783 affectuum
983 2720 1048 2783 vi
1103 2742 1321 2803 neque
1375 2721 1649 2783 rationis
1694 2720 1891 2783 ductu
1932 2720 2145 2784 deter-

77 2836 394 2914 minatur,
479 2858 636 2901 sane
689 2841 884 2903 rebus
947 2839 1277 2925 corporeis
1336 2838 1561 2904 similis
1617 2840 1815 2925 plane
1872 2855 2145 2903 externa
2234 2864 2243 2889 ·

79 2942 425 3038 negatione
465 2956 738 3039 petitur,
796 2957 908 3041 qui
963 2956 1352 3040 passivitatis
1410 2973 1642 3031 status,
1694 2956 1809 3015 ubi
1848 2956 2146 3017 voluntas

81 3066 209 3131 hnc
249 3087 315 3133 et
353 3072 508 3135 illuc
545 3072 856 3150 trahitur,
924 3088 1136 3149 recte,
1211 3092 1363 3133 cum
1404 3070 1481 3133 in
1534 3092 1615 3135 eo
1654 3070 1860 3131 homo
1901 3067 2149 3132 affecti-

82 3186 196 3251 bus
222 3188 418 3273 plane
459 3190 783 3255 obnoxius
828 3190 914 3253 sit
950 3210 1080 3252 nec
1119 3188 1453 3253 essentiali
1494 3208 1648 3251 suae
1693 3203 1964 3249 naturae
1992 3208 2151 3251 oon·

83 3304 424 3369 venienter
464 3308 672 3387 vivat,
725 3307 1000 3373 servitus
1046 3309 1435 3393 appellatur,
1480 3328 1643 3391 quae
1686 3305 2035 3391 plurimum
2078 3305 2155 3368 in

82 3443 388 3504 perverso
431 3424 738 3501 honoris,
781 3425 1146 3489 divitiarum
1185 3443 1256 3489 et
1283 3422 1571 3490 libidinis
1612 3446 1837 3487 amore
1878 3438 2153 3488 constat.

86 3537 216 3617 (cf.
261 3540 576 3606 Praefatio
621 3543 702 3605 ad
749 3545 1047 3628 quintum
1079 3544 1349 3609 Ethices
1394 3544 1668 3622 librum,
1710 3558 1809 3621 et,
1852 3540 1936 3605 de
1974 3538 2162 3601 intel·

87 3655 288 3721 lectus
334 3660 794 3724 emendatione
836 3686 906 3747 p.
950 3661 1141 3743 414.)

679 3840 738 3897 b.
811 3843 1093 3899 Voluntas
1123 3852 1176 3897 et
1205 3842 1534 3897 intellectus.

246 3943 364 4006 Ille
403 3944 712 4030 cujusque
755 3947 946 4011 Entis
988 3948 1065 4010 in
1109 3968 1226 4010 suo
1265 3946 1433 4009 Esse
1471 3935 1929 4028 perseverandi
1966 3956 2157 4001 cona·

24 4100 26 4139 3
87 4070 186 4123 tus
225 4061 434 4124 varias
475 4064 692 4127 induit
721 4064 988 4129 formas.
1075 4067 1360 4129 conatus
1402 4063 1475 4123 in
1506 4061 1642 4125 sola
1674 4072 1895 4120 mente
1928 4055 2160 4117 volun-

24 4175 26 4187 '
87 4187 234 4247 tas,
278 4178 354 4241 in
399 4197 623 4245 mente
667 4203 744 4245 ac
783 4202 1062 4270 corpore
1101 4180 1487 4269 appetitus,
1531 4175 1851 4263 appetitus
1878 4172 2159 4257 denique
