2588 4687
1223 295 1702 364 -42—

913 474 970 535 1.
1053 461 1331 526 Mens
1416 477 1511 526 et
1598 465 2021 550 Corpus}

1079 597 1134 636 a.
1205 581 1369 636 Mens
1403 591 1529 638 actu
1564 581 1854 640 exsistens.

601 689 923 765 Primum,
967 684 1138 772 quod
1185 688 1428 748 actuale
1470 689 1715 752 Mentis
1760 688 2085 752 humanae
2127 686 2294 754 Esse
2341 713 2500 754 con-

439 813 678 888 stituit,
718 785 1095 870 nihil'aliud
1137 821 1256 883 est,
1302 827 1493 887 quam
1528 804 1671 866 idea
1712 808 1809 868 rei
1853 808 2115 890 alicujus
2160 809 2498 893 singularis
2558 783 2560 786 Α

441 949 588 998 actu
642 924 1033 992 exsistentis.
1074 955 1162 970 —
1245 923 1444 1003 (Eth.
1506 926 1569 988 P.
1611 926 1686 989 11.
1745 927 1888 993 Pro.
1932 926 2085 1007 XI.)
2172 926 2351 988 Hinc
2394 949 2497 990 se-

443 1051 700 1136 quitur,
785 1048 1075 1110 Mentem
1120 1041 1476 1103 humanam
1522 1058 1772 1126 partem
1836 1063 1973 1106 esse
2014 1043 2258 1105 infiniti
2299 1045 2493 1106 intel·
2560 1046 2562 1150 1

435 1171 640 1233 lectus
682 1161 854 1240 Dei;
920 1182 994 1221 ac
1035 1158 1311 1243 proinde
1355 1181 1501 1220 cum
1545 1157 1852 1240 dicimus,
1926 1166 2220 1226 Mentem
2262 1162 2491 1224 huma·
2560 1157 2562 1207 ἓ

433 1306 596 1352 nam
621 1283 780 1356 boc,
823 1281 926 1342 vel
955 1275 1108 1344 illud
1138 1277 1503 1362 percipere,
1546 1277 1713 1338 nihil
1758 1277 1926 1340 aliud
1956 1278 2250 1355 dicimus,
2294 1301 2489 1364 quam

437 1403 612 1492 quod
653 1401 873 1473 Deus,
935 1414 1075 1457 non
1119 1410 1435 1478 quatenus
1482 1393 1775 1460 infinitus
1820 1413 1951 1475 est,
2012 1397 2125 1460 sed
2170 1415 2483 1480 quatenus

433 1543 554 1610 per
593 1534 892 1580 naturam
949 1510 1190 1576 mentis
1232 1512 1556 1575 humanae
1600 1514 1989 1598 explicatur,
2082 1516 2215 1578 sive
2262 1533 2486 1598 quate-

427 1659 554 1708 nus
597 1637 920 1699 humanae
962 1631 1202 1696 mentis
1244 1631 1593 1694 essentiam
1638 1632 2008 1707 constituit,
2049 1631 2220 1693 hanc
2260 1636 2362 1695 vel
2406 1635 2485 1694 il·-
2562 1621 2564 1698 ἶ

423 1761 554 1822 lam
611 1754 804 1816 habet
856 1748 1088 1812 ideam.
1139 1783 1228 1798 —
1310 1749 1586 1829 (Coroll.
1640 1747 1841 1830 ibid.)
1924 1747 2077 1812 Idea
2128 1771 2281 1814 vero
2337 1772 2483 1814 non

427 1876 563 1940 nisi
604 1867 976 1939 exsistentis
1018 1867 1112 1929 rei
1151 1863 1299 1930 idea
1342 1887 1481 1930 esse
1523 1881 1757 1950 potest.

1005 1997 1062 2054 b.
1132 1999 1345 2074 Corpus
1394 1997 1673 2071 objectum
1713 1999 1897 2054 Ideae.

585 2107 810 2185 Ideae,
861 2105 1214 2167 humanam
1258 2120 1551 2166 mentem
1594 2104 2083 2183 constituentis,
2156 2107 2474 2192 objectum
2564 2109 2566 2112 ⁴

417 2247 520 2296 est
560 2245 834 2307 corpus,
903 2224 1037 2286 sive
1085 2239 1297 2283 certus
1356 2222 1766 2285 extensionis
1824 2222 2054 2284 modus
2101 2241 2247 2285 actu
2302 2226 2471 2288 exsi-

411 2364 594 2415 ctens
639 2345 706 2407 et
743 2340 910 2405 nihil
952 2337 1140 2407 aliud.
1181 2338 1383 2417 (Eth.
1427 2342 1488 2402 P.
1530 2339 1609 2407 11.
1651 2343 1717 2408 Ρ.
1749 2339 1961 2421 XIII.)
2006 2343 2252 2427 Corpus
2296 2346 2470 2406 enim
2566 2340 2568 2391 ἕ

411 2463 656 2531 :mentis
701 2459 847 2521 idea
887 2473 1017 2533 est,
1059 2478 1273 2541 neque
1320 2478 1470 2521 vero
1513 2478 1701 2520 mens
1744 2456 1889 2520 idea
1930 2462 2245 2545 corporis.
2312 2465 2468 2525 Cor-

407 2604 530 2671 pus
579 2579 810 2667 igitur,
846 2596 994 2637 cum
1021 2574 1455 2638 Extensionis
1498 2573 1729 2639 modus
1770 2576 1887 2653 sit,
1930 2599 2160 2643 omnes
2186 2601 2290 2642 res
2338 2602 2467 2642 cor-

407 2719 680 2789 poreas,
741 2709 1005 2759 aeterna
1045 2694 1366 2757 essentiae
1402 2693 1685 2770 unitate,
1741 2696 2108 2781 percipere,
2164 2718 2239 2757 ac
2284 2718 2464 2761 men-

403 2834 578 2895 tem,
618 2837 768 2880 cum
813 2830 1048 2897 corpus
1089 2810 1212 2891 ipsi
1259 2811 1579 2893 objectum
1622 2811 1738 2888 sit,
1782 2835 2009 2877 omnes
2053 2816 2346 2894 corporis
2382 2816 2463 2878 af·

402 2936 720 3001 ⁴{actiones
763 2930 1121 3013 intelligere
1161 2948 1391 3009 posse,
1430 2945 1621 3014 patet.
1674 2929 1864 3011 (Eth.
1898 2934 1959 2999 P.
1997 2934 2079 3000 11.
2121 2936 2259 3001 Pro.
2296 2935 2460 3014 XII.)

783 3082 835 3123 c.
901 3064 1067 3119 Mens
1119 3070 1177 3117 et
1227 3062 1443 3135 Corpus
1493 3079 1669 3116 unum
1718 3061 2098 3119 Individuum.

861 3196 916 3231 α,
997 3166 1208 3219 Mentis
1243 3168 1603 3241 corporisque
1640 3163 2003 3234 differentia.

567 3260 766 3321 Mens
817 3254 1045 3337 igitur,
1116 3252 1306 3316 sicuti
1347 3255 1479 3337 jam
1523 3252 1765 3315 dictum
1808 3271 1939 3333 est,
2012 3253 2458 3335 Cogitationis,
2565 3328 2568 3337 ,Α

399 3390 634 3457 corpus
678 3370 1106 3433 Extensionis
1149 3368 1462 3431 Attributi
1505 3370 1736 3434 modus
1782 3371 2063 3436 exsistit.
2133 3367 2459 3433 Attributa
2522 3364 2527 3373 '

398 3512 604 3568 vero,
647 3508 923 3573 quorum
969 3484 1271 3573 quodque
1311 3503 1643 3551 aeternam
1688 3505 1753 3551 et
1792 3487 2119 3551 infinitam
2163 3490 2461 3553 substan·

395 3608 526 3671 tiae
569 3608 922 3670 essentiam
967 3602 1307 3690 exprimit,
1361 3604 1437 3667 in
1479 3605 1690 3670 modis
1734 3606 2017 3671 invicem
2060 3626 2205 3669 sese
2247 3605 2459 3669 deter-

391 3726 652 3789 minare
691 3740 1059 3807 nequeunt,
1126 3721 1240 3785 sed
1283 3745 1473 3789 mens
1517 3747 1659 3789 non
1713 3725 1843 3791 nisi
1898 3740 2153 3801 mente,
2222 3744 2451 3809 corpus

387 3862 536 3906 non
559 3844 692 3906 nisi
723 3861 993 3927 corpore
1020 3838 1490 3907 determinatur
1530 3845 1715 3926 (Eth.
1758 3844 1830 3914 P.
1856 3848 1935 3911 11.
1974 3847 2117 3910 Pro.
2141 3842 2293 3923 IL),
2337 3843 2455 3917 vel,

391 3958 569 4044 quod
595 3960 762 4023 idem
797 3976 932 4037 est,
974 3980 1160 4025 mena
1189 3982 1422 4047 corpus
1450 3986 1590 4029 non
1627 3963 1707 4028 ad
1736 3979 1987 4027 motum
2018 3978 2127 4025 aut
2157 3961 2453 4046 quietem,

285 4146 296 4159 ι
351 4090 358 4101 ·
398 4095 630 4159 corpus
675 4095 965 4142 mentem
991 4100 1136 4145 non
1175 4080 1254 4145 ad
1283 4082 1775 4169 percipiendum
1810 4100 1918 4146 aut
1967 4080 2315 4145 volendum
2346 4077 2457 4141 de-

387 4194 742 4257 terminare
779 4210 1010 4277 potest.

1033 4372 1052 4402 ἱ
