2588 4687
912 281 1396 345 ...t-41...-

114 465 201 508 tra
242 468 399 510 eum
444 462 602 508 actu·
631 445 937 520 Infinito‚
984 447 1153 530 quod
1198 465 1269 510 ut
1311 471 1499 513 cansa
1545 451 1648 514 sui
1691 453 1934 514 nullam
1980 451 2179 518 deter-

116 566 549 628 minationem
610 566 711 627 vel
754 565 1173 648 negationem
1228 568 1542 646 involvit,
1627 571 1901 633 omnino
1941 591 2180 636 conve·-

108 684 287 760 nire‚
332 683 487 746 satis
528 699 814 767 apparet.

272 817 408 879 Ubi
450 817 645 902 igitur
671 817 955 902 cognitio
997 836 1101 882 res
1128 839 1270 881 non
1312 817 1386 880 in
1413 817 1586 883 fluxa
1614 836 1977 906 temporum
2023 843 2175 894 con·

114 933 469 1020 fingenda,
552 934 667 998 sed
720 937 797 998 in
857 953 1117 998 aeterna
1173 953 1239 998 et
1305 937 1563 1000 infinita
1621 961 1837 1002 earum
1897 945 2177 1006 essentia

45 1051 47 1056 ’
114 1051 443 1137 perspicit,
484 1055 669 1114 racio
710 1055 785 1116 in
833 1054 1205 1138 cognitione
1247 1055 1439 1119 adest.
1522 1059 1716 1121 Ratio
1758 1079 1860 1124 res
1892 1061 2174 1146 primum

117 1171 189 1228 in
228 1173 381 1230 Deo
426 1171 782 1254 cognoscit,
826 1172 972 1255 quia
1014 1171 1154 1256 ipsa
1201 1195 1349 1257 pars
1392 1190 1488 1238 est
1528 1175 1769 1237 infiniti
1809 1177 1942 1241 Dei
1986 1180 2177 1242 intel·

115 1289 313 1350 iectus
357 1291 459 1352 vel
491 1306 846 1372 conceptus
894 1289 1063 1370 ejus·,
1104 1305 1242 1350 tum
1288 1299 1376 1350 ‘ex
1419 1295 1862 1364 necessitate,
1911 1297 2057 1381 quia
2099 1295 2174 1358 in

113 1405 304 1482 Deo,
362 1407 433 1467 in
481 1428 607 1490 quo
652 1407 874 1469 omnia
932 1427 1017 1467 ex
1056 1421 1326 1468 naturae
1367 1411 1750 1472 necessitate
1795 1425 2174 1496 sequuntur,

120 1525 564 1608 contingentia
606 1527 781 1585 nulla
827 1543 967 1586 esse
1010 1539 1261 1608 potest3
1334 1541 1397 1586 et
1451 1525 1733 1610 denique
1781 1529 1902 1586 sub
1950 1533 2176 1611 specie

115 1645 418 1716 aeterni,
506 1632 920 1725 quia'rerum
991 1641 1260 1702 mutatio
1319 1654 1464 1703 non
1519 1643 1594 1704 in
1649 1659 1794 1705 actu
1848 1645 2174 1710 infinitam

116 1761 579 1838 substantiam,
621 1758 736 1822 sed
774 1760 851 1820 in
890 1778 994 1821 res
1038 1759 1251 1822 finitas
1298 1757 1498 1837 eadit,
1557 1782 1718 1844 quae
1761 1783 1904 1825 non
1949 1784 2174 1829 causae

117 1878 217 1942 sui
260 1893 445 1942 sunt.

286 2015 449 2075 Cum
492 2033 645 2074 vero
676 2011 971 2097 ‘Spinoza
1030 2012 1175 2076 talis
1238 2029 1384 2076 actu
1437 2011 1734 2076 infinitae
1777 2013 2172 2099 cognitionis

116 2149 330 2194 ortum
370 2150 513 2191 non
556 2127 863 2205 deducat,
922 2127 1036 2190 sed
1090 2129 1470 2190 immediate
1527 2151 1610 2190 ex
1663 2130 2172 2197 indemonstrata

113 2248 255 2313 Dei
325 2248 601 2311 notione
657 2263 1020 2331 supponat,
1106 2223 1525 2329 adaequatam
1563 2233 1850 2332 'quoque
1904 2246 2174 2316 rationis

118 2368 336 2430 ideam
392 2390 429 2429 a
485 2366 710 2430 divina
780 2365 1050 2429 Cartesii
1109 2364 1474 2427 assistentia
1548 2388 1689 2429 non
1743 2335 1998 2430 tantum
2056 2368 2181 2433 dif-

116 2484 321 2563 ferre,
378 2502 691 2569 quantum
749 2483 963 2569 primo
1022 2482 1329 2565 adspectu
1377 2482 1582 2545 videri
1636 2489 1877 2571 possit,
1956 2486 2181 2571 negari

20 2638 27 2645 ·
119 2604 397 2667 omnino
450 2602 698 2686 nequit.
783 2600 956 2661 Nam
1017 2598 1188 2683 apud
1234 2602 1592 2663 Cartesium
1639 2589 1983 2685 adjuvante
2024 2601 2180 2667 Deo

123 2698 346 2784 omnia
370 2738 443 2783 ut
469 2720 542 2785 in
571 2722 725 2785 Deo
747 2716 1263 2805 perspiciuntur,
1313 2734 1378 2781 et
1409 2718 1721 2805 Spinoza,
1761 2739 1908 2781 oum
1937 2720 2182 2801 Deum,

116 2838 196 2901 in
242 2861 435 2923 quem
480 2840 781 2919 attributa
839 2836 1063 2900 omnia
1105 2834 1458 2921 demergit,
1524 2833 1907 2921 adaequatae
1963 2837 2185 2919 cogni-

119 2956 325 3018 tionis
368 2954 763 3039 principium
818 2955 889 3014 in
928 2954 1344 3037 Cogitationis
1402 2954 1600 3015 modo
1642 2954 1834 3029 facit,
1887 2952 2199 3030 eandem‚'

124 3096 207 3136 ac
248 3070 616 3146 ennesius,
676 3070 1110 3133 immediatam
1154 3071 1437 3135 veritatis
1483 3069 1926 3131 exsistentiam
1973 3088 2189 3150 neque

122 3212 193 3255 se
249 3190 325 3252 in
382 3207 450 3251 se
508 3186 901 3251 mediantem
958 3205 1023 3251 et
1080 3191 1175 3252 sic
1232 3187 1354 3253 sibi
1412 3186 1761 3250 mediatum
1822 3186 2185 3254 intellectus

124 3307 338 3372 nostri
382 3322 629 3369 motum
674 3306 747 3370 in
785 3308 1038 3371 ratione
1078 3304 1291 3391 ponit.

696 3514 780 3583 B.
896 3520 1008 3583 De
1080 3502 1610 3635 „AffectibM-

295 3676 583 3758 Spinoza
619 3692 906 3739 mentem
950 3680 1049 3741 vel
1084 3680 1394 3741 actualem
1423 3676 1711 3740 idearum
1748 3646 2192 3737 exsistentiam

128 3815 273 3859 non
315 3812 389 3857 ut
429 3795 501 3857 in
544 3814 615 3857 se
654 3794 1012 3872 infinitam,
1070 3794 1182 3857 sed
1228 3781 1502 3877 corpore
1548 3792 2034 3855 determinatam
2079 3810 2200 3873 po-

180 3914 267 3990 it,
324 3912 601 3997 ideoque
653 3911 724 3975 in
780 3912 917 3993 ejus
974 3910 1054 3975 de
1098 3910 1432 3975 affectibus
1490 3908 1821 3984 doctrina,
1886 3906 1992 3967 ubi
2049 3928 2192 3969 eam

19 3936 426 4113 stccurate
468 4030 839 4109 examines,
880 4051 1113 4115 corpus
1154 4026 1393 4093 mentis
1437 4023 1724 4091 conditio
1768 4039 2012 4104 exstat,
2057 4026 2201 4091 sina

124 4170 251 4234 qua
292 4148 611 4213 exsistere
655 4167 796 4210 non
839 4162 1068 4231 potest.
