2588 4687
895 288 1385 348 *13*-

865 343 880 374 Ι

99 447 204 510 sit.
297 450 520 532 Itaque
565 469 794 526 omne,
851 451 1030 534 cujus
1087 466 1317 512 natura
1373 450 1797 538 speculativa,
1852 470 1923 515 se
1964 449 2177 518 deter-
2222 529 2236 538 ·

98 566 320 627 minat
367 587 440 626 ac
478 583 706 653 negat,
763 582 830 628 et
873 567 1218 650 negatione
1258 588 1325 630 se
1370 567 1452 630 ad
1494 565 1599 645 id,
1656 566 1829 652 quod
1871 570 2175 638 nondum

95 699 196 744 est
216 727 238 758 ,
285 683 756 760 determinans,
795 684 1092 768 negativa
1133 702 1234 748 est
1274 687 1588 753 nativitas.
1675 688 1821 766 Quo
1866 708 2019 782 vero
2060 689 2177 764 deq

90 803 418 864 terminat
458 823 572 866 seu
619 827 748 889 quo
803 823 1037 890 negat,
1101 824 1170 870 et
1213 830 1341 892 quo
1384 807 1851 872 determinatur
1907 830 2021 873 seu
2062 829 2171 874 na-

90 937 324 1002 gatur,
367 923 446 983 ab
487 922 632 1006 ipso
673 943 814 985 non
856 923 1112 1004 differt,
1154 925 1435 1012 ideoque
1475 944 1577 992 est
1616 926 1943 1004 activitas,
2003 951 2169 1012 quae

89 1053 316 1100 semet
353 1039 428 1100 in
470 1059 542 1104 se
582 1058 652 1104 se
694 1043 838 1127 ipsa
879 1041 1294 1113 determinat.

353 1195 409 1249 3.
463 1195 744 1270 Principii
777 1174 1108 1251 materialis
1124 1197 1477 1269 eison-malis
1507 1197 1904 1254 contradictio.

271 1294 591 1379 Spinozae
621 1298 1005 1378 Methodus,
1062 1320 1136 1364 ut
1163 1301 1359 1366 modo
1402 1302 1719 1382 vidimus,
1786 1318 1887 1367 est
1908 1315 2171 1388 geomess

87 1413 297 1491 trica3
343 1417 727 1480 Geometria
769 1441 928 1482 vero
975 1438 1073 1484 est
1109 1421 1397 1485 formalis
1432 1424 1795 1488 intellectus
1839 1424 2167 1504 scientiae,

91 1552 267 1612 quae
311 1531 646 1596 dialectica
688 1551 895 1612 caret,
959 1559 1086 1620 quo
1130 1538 1325 1598 etiam
1370 1538 1613 1602 factum
1653 1558 1786 1616 est,
1826 1555 1899 1602 ut
1940 1539 2171 1604 defini-

83 1649 350 1729 tiones,
392 1653 540 1714 licet
566 1675 684 1739 per
727 1674 799 1717 se
824 1675 1014 1718 verae
1057 1643 1399 1734 notiones,
1440 1678 1571 1718 una
1596 1673 1745 1740 post
1788 1657 1977 1716 aliam
2022 1659 2169 1720 sine

81 1751 666 1859 ulla'deductione
707 1793 784 1834 ac
827 1772 1292 1854 conjunctione
1337 1790 1669 1856 separatae
1695 1787 2167 1856 proponantur.

81 1884 282 1950 Ordo
326 1908 546 1949 earum
578 1905 886 1951 externus
930 1903 1220 1962 tantum,
1289 1909 1432 1950 non
1475 1887 1555 1948 ad
1594 1889 1928 1950 internum
1965 1887 2169 1950 finem

85 2007 576 2072 accomodatus.
625 2007 1072 2072 Definitiones
1105 2022 1255 2069 sunt
1281 2027 1517 2070 nervus
1546 2006 1745 2071 totius
1776 2008 2165 2090 systematis,

82 2123 394 2209 prob'atio
420 2147 598 2203 vero,
647 2125 726 2188 ad
761 2145 868 2190 eas
899 2147 1157 2209 semper
1185 2146 1551 2203 recurrens,
1590 2145 1857 2211 propter
1884 2125 2171 2190 formali·

83 2260 300 2306 tatem
345 2244 630 2306 cruciatu
677 2244 856 2328 quasi
910 2242 1200 2304 animum
1243 2241 1459 2305 afficit.
1543 2244 1877 2308 Materiale
1934 2257 2165 2306 contra

82 2363 510 2448 principium,
531 2363 988 2427 determinatio
1017 2378 1114 2425 est
1127 2359 1409 2443 negatio,
1430 2360 1704 2422 minime
1733 2383 1882 2423 cum
1907 2355 2163 2421 formali

83 2485 210 2545 illo
247 2479 572 2565 principio
601 2479 944 2553 convenit,
989 2478 1134 2561 quia
1163 2477 1237 2537 in
1264 2475 1389 2537 hac
1418 2474 1801 2537 definitione
1838 2496 2057 2539 rerum
2085 2476 2163 2537 fi·

85 2598 382 2660 niteram
426 2613 659 2658 natura
691 2613 990 2679 expressa
1023 2610 1211 2677 atque
1238 2608 1311 2653 ut
1340 2592 1415 2654 in
1442 2613 1511 2655 se
1540 2591 1871 2656 dialectica
1897 2611 2163 2675 accepta

83 2733 214 2778 est.
298 2713 474 2777 Nam
545 2734 744 2777 omne
807 2709 1307 2772 determinatum
1374 2724 1677 2793 negatum
1752 2729 1927 2786 esse,
1994 2710 2162 2773 nihil

83 2829 266 2894 aliud
306 2847 440 2905 est,
482 2829 633 2908 nisi,
675 2826 848 2912 quod
889 2826 1146 2889 finitum
1191 2825 1264 2885 in
1308 2846 1378 2888 se
1422 2826 1563 2909 ipso
1606 2825 2001 2889 dialecticam
2044 2849 2165 2890 na-

84 2967 303 3014 turam
346 2947 581 3010 habeat
598 2956 798 3029 ‘atque
823 2964 892 3005 se
921 2941 1222 3027 negando
1254 2962 1327 3004 se
1374 2944 1588 3021 ipsum
1619 2946 1823 3005 tollat.
1844 2978 1931 2993 --
1976 2948 2161 3022 Quae

82 3065 536 3129 demonstrata
575 3058 1050 3141 principiorum
1093 3054 1548 3129 contrarietas,
1589 3054 1663 3115 in
1702 3054 1915 3115 forma
1957 3078 2160 3135 mors,

81 3185 164 3247 in
209 3200 283 3243 re
330 3176 488 3257 vita,
529 3196 650 3261 per
690 3188 901 3235 totum
946 3170 1264 3256 Spinozae
1308 3182 1591 3249 systema
1630 3171 1965 3255 percurrit.

2040 3338 2051 3355 ⁸
2148 3338 2161 3375 Ι

743 3380 831 3449 Π.
933 3381 1042 3449 De
1092 3376 1479 3449 Substantia.

416 3532 509 3604 A.
609 3540 706 3600 De
751 3532 1105 3601 substantia
1155 3533 1412 3625 ejusque
1458 3530 1826 3621 affectione.

259 3685 459 3749 Sicuti
504 3681 883 3747 Geometria
927 3682 1236 3767 spatium,
1282 3683 1608 3745 axiomata
1651 3700 1772 3748 etc.
1825 3682 2151 3765 supponit,

98 3802 578 3889 suppositorum
636 3815 850 3860 autem
906 3798 1353 3859 necessitatem
1414 3798 1858 3861 demonstrare
1902 3799 2153 3881 nequit,

101 3921 376 4007 Spinoza
426 3938 678 4003 quoque
734 3914 800 3974 in
875 3913 1135 3975 Ethices
1197 3915 1405 3996 capite
1444 3916 1874 3997 improbatam
1924 3914 2157 3979 defini-

101 4040 348 4102 tionem
396 4034 738 4119 supponit,
795 4028 969 4093 unde
999 4030 1423 4113 sequentium
1466 4030 1763 4093 omnium
1812 4034 2047 4097 veritas
2090 4052 2157 4097 et

100 4154 448 4220 necessitas
493 4151 834 4218 derivatur.
922 4146 1317 4211 substantiae
1380 4148 1563 4210 notio
1625 4149 2040 4237 ejusdemque
2082 4152 2156 4215 in
