<?xml version="1.0" encoding="UTF-8"?>
<!DOCTYPE html PUBLIC "-//W3C//DTD XHTML 1.0 Transitional//EN"
    "http://www.w3.org/TR/xhtml1/DTD/xhtml1-transitional.dtd">
<html xmlns="http://www.w3.org/1999/xhtml" xml:lang="en" lang="en">
 <head>
  <title>
</title>
<meta http-equiv="Content-Type" content="text/html;charset=utf-8" />
  <meta name='ocr-system' content='tesseract 3.04.00' />
  <meta name='ocr-capabilities' content='ocr_page ocr_carea ocr_par ocr_line ocrx_word'/>
</head>
<body>
  <div class='ocr_page' id='page_1' title='image "./despinozaephilo00rosegoog_0012.png"; bbox 0 0 2588 4687; ppageno 0'>
   <div class='ocr_carea' id='block_1_1' title="bbox 1158 243 1598 304">
    <p class='ocr_par' dir='ltr' id='par_1_1' title="bbox 1158 243 1598 304">
     <span class='ocr_line' id='line_1_1' title="bbox 1158 243 1598 304; baseline -0.009 -16"><span class='ocrx_word' id='word_1_1' title='bbox 1158 243 1598 304; x_wconf 69' lang='lat'><strong>—2-</strong></span> 
     </span>
    </p>
   </div>
   <div class='ocr_carea' id='block_1_2' title="bbox 359 403 2450 2129">
    <p class='ocr_par' dir='ltr' id='par_1_2' title="bbox 359 403 2450 2129">
     <span class='ocr_line' id='line_1_2' title="bbox 359 403 2444 480; baseline -0.001 -8"><span class='ocrx_word' id='word_1_2' title='bbox 359 409 631 472; x_wconf 80' lang='lat' dir='ltr'><strong>stianam</strong></span> <span class='ocrx_word' id='word_1_3' title='bbox 680 405 751 465; x_wconf 87' lang='lat' dir='ltr'><strong>in</strong></span> <span class='ocrx_word' id='word_1_4' title='bbox 795 407 1015 468; x_wconf 83' lang='lat' dir='ltr'><strong>Deum</strong></span> <span class='ocrx_word' id='word_1_5' title='bbox 1061 406 1350 468; x_wconf 80' lang='lat' dir='ltr'><strong>trionum</strong></span> <span class='ocrx_word' id='word_1_6' title='bbox 1398 419 1676 480; x_wconf 77' lang='lat' dir='ltr'><strong>secutus,</strong></span> <span class='ocrx_word' id='word_1_7' title='bbox 1731 403 2137 467; x_wconf 78' lang='lat' dir='ltr'><strong>idealismum</strong></span> <span class='ocrx_word' id='word_1_8' title='bbox 2185 425 2444 470; x_wconf 82' lang='lat' dir='ltr'><strong>summe</strong></span> 
     </span>
     <span class='ocr_line' id='line_1_3' title="bbox 362 522 2450 607; baseline -0.001 -19"><span class='ocrx_word' id='word_1_9' title='bbox 362 523 837 598; x_wconf 78' lang='lat' dir='ltr'><strong>admirandum,</strong></span> <span class='ocrx_word' id='word_1_10' title='bbox 880 525 1025 584; x_wconf 90' lang='lat' dir='ltr'><strong>licet</strong></span> <span class='ocrx_word' id='word_1_11' title='bbox 1053 523 1263 584; x_wconf 81' lang='lat' dir='ltr'><strong>forma</strong></span> <span class='ocrx_word' id='word_1_12' title='bbox 1312 523 1660 598; x_wconf 83' lang='lat' dir='ltr'><strong>barbarica,</strong></span> <span class='ocrx_word' id='word_1_13' title='bbox 1703 522 2031 604; x_wconf 79' lang='lat' dir='ltr'><strong>produxit,</strong></span> <span class='ocrx_word' id='word_1_14' title='bbox 2073 539 2159 598; x_wconf 82' lang='lat' dir='ltr'><strong>et,</strong></span> <span class='ocrx_word' id='word_1_15' title='bbox 2203 525 2450 607; x_wconf 84' lang='lat' dir='ltr'><strong>negati·</strong></span> 
     </span>
     <span class='ocr_line' id='line_1_4' title="bbox 364 637 2444 725; baseline -0 -20"><span class='ocrx_word' id='word_1_16' title='bbox 364 645 625 706; x_wconf 73' lang='lat' dir='ltr'><strong>vitatem</strong></span> <span class='ocrx_word' id='word_1_17' title='bbox 654 641 725 702; x_wconf 89' lang='lat' dir='ltr'><strong>in</strong></span> <span class='ocrx_word' id='word_1_18' title='bbox 760 638 905 725; x_wconf 89' lang='lat' dir='ltr'><strong>ipso</strong></span> <span class='ocrx_word' id='word_1_19' title='bbox 926 642 1077 704; x_wconf 90' lang='lat' dir='ltr'><strong>Deo</strong></span> <span class='ocrx_word' id='word_1_20' title='bbox 1115 661 1404 722; x_wconf 86' lang='lat' dir='ltr'><strong>ponens,</strong></span> <span class='ocrx_word' id='word_1_21' title='bbox 1447 643 1797 724; x_wconf 72' lang='lat' dir='ltr'>praecipue</span> <span class='ocrx_word' id='word_1_22' title='bbox 1823 637 1905 702; x_wconf 87' lang='lat' dir='ltr'><strong>de</strong></span> <span class='ocrx_word' id='word_1_23' title='bbox 1933 661 2150 701; x_wconf 85' lang='lat' dir='ltr'><strong>rerum</strong></span> <span class='ocrx_word' id='word_1_24' title='bbox 2181 661 2270 704; x_wconf 85' lang='lat' dir='ltr'><strong>ex</strong></span> <span class='ocrx_word' id='word_1_25' title='bbox 2293 643 2444 705; x_wconf 91' lang='lat' dir='ltr'><strong>Deo</strong></span> 
     </span>
     <span class='ocr_line' id='line_1_5' title="bbox 371 757 2444 842; baseline -0.001 -20"><span class='ocrx_word' id='word_1_26' title='bbox 371 761 618 842; x_wconf 80' lang='lat' dir='ltr'><strong>origine</strong></span> <span class='ocrx_word' id='word_1_27' title='bbox 664 778 737 818; x_wconf 85' lang='lat' dir='ltr'><strong>ac</strong></span> <span class='ocrx_word' id='word_1_28' title='bbox 776 757 857 818; x_wconf 89' lang='lat' dir='ltr'><strong>de</strong></span> <span class='ocrx_word' id='word_1_29' title='bbox 896 757 1222 842; x_wconf 79' lang='lat' dir='ltr'><strong>primitiva</strong></span> <span class='ocrx_word' id='word_1_30' title='bbox 1266 780 1496 818; x_wconf 83' lang='lat' dir='ltr'><strong>eorum</strong></span> <span class='ocrx_word' id='word_1_31' title='bbox 1544 757 1846 842; x_wconf 72' lang='lat' dir='ltr'><strong>qualitate</strong></span> <span class='ocrx_word' id='word_1_32' title='bbox 1879 758 2307 840; x_wconf 76' lang='lat' dir='ltr'><strong>quaestiones</strong></span> <span class='ocrx_word' id='word_1_33' title='bbox 2344 759 2444 820; x_wconf 88' lang='lat' dir='ltr'><strong>in-</strong></span> 
     </span>
     <span class='ocr_line' id='line_1_6' title="bbox 372 873 2446 962; baseline -0.002 -21"><span class='ocrx_word' id='word_1_34' title='bbox 372 879 690 942; x_wconf 79' lang='lat' dir='ltr'><strong>stituerat.</strong></span> <span class='ocrx_word' id='word_1_35' title='bbox 773 873 896 962; x_wconf 67' lang='lat' dir='ltr'><strong>Sed</strong></span> <span class='ocrx_word' id='word_1_36' title='bbox 927 875 1189 937; x_wconf 84' lang='lat' dir='ltr'><strong>ulterius</strong></span> <span class='ocrx_word' id='word_1_37' title='bbox 1234 874 1314 936; x_wconf 85' lang='lat' dir='ltr'><strong>ad</strong></span> <span class='ocrx_word' id='word_1_38' title='bbox 1343 874 1709 958; x_wconf 85' lang='lat' dir='ltr'><strong>negandam</strong></span> <span class='ocrx_word' id='word_1_39' title='bbox 1755 876 2108 956; x_wconf 80' lang='lat' dir='ltr'><strong>utriusque,</strong></span> <span class='ocrx_word' id='word_1_40' title='bbox 2153 893 2218 939; x_wconf 86' lang='lat' dir='ltr'><strong>et</strong></span> <span class='ocrx_word' id='word_1_41' title='bbox 2247 881 2446 940; x_wconf 84' lang='lat' dir='ltr'><strong>Veru-</strong></span> 
     </span>
     <span class='ocr_line' id='line_1_7' title="bbox 371 992 2443 1078; baseline -0.001 -21"><span class='ocrx_word' id='word_1_42' title='bbox 371 995 681 1058; x_wconf 74' lang='lat' dir='ltr'><strong>lamensis</strong></span> <span class='ocrx_word' id='word_1_43' title='bbox 718 1010 782 1056; x_wconf 91' lang='lat' dir='ltr'><strong>et</strong></span> <span class='ocrx_word' id='word_1_44' title='bbox 810 993 1154 1054; x_wconf 86' lang='lat' dir='ltr'><strong>Teutonici</strong></span> <span class='ocrx_word' id='word_1_45' title='bbox 1188 992 1635 1077; x_wconf 77' lang='lat' dir='ltr'>philosophiae</span> <span class='ocrx_word' id='word_1_46' title='bbox 1663 992 2185 1074; x_wconf 82' lang='lat' dir='ltr'><strong>suppositionem</strong></span> <span class='ocrx_word' id='word_1_47' title='bbox 2218 1015 2443 1078; x_wconf 84' lang='lat' dir='ltr'><strong>proce-</strong></span> 
     </span>
     <span class='ocr_line' id='line_1_8' title="bbox 368 1091 2442 1194; baseline -0.002 -18"><span class='ocrx_word' id='word_1_48' title='bbox 368 1111 654 1176; x_wconf 85' lang='lat' dir='ltr'><strong>dendum</strong></span> <span class='ocrx_word' id='word_1_49' title='bbox 714 1126 871 1175; x_wconf 84' lang='lat' dir='ltr'><strong>erat.</strong></span> <span class='ocrx_word' id='word_1_50' title='bbox 954 1109 1189 1194; x_wconf 86' lang='lat' dir='ltr'><strong>Neque</strong></span> <span class='ocrx_word' id='word_1_51' title='bbox 1244 1124 1493 1189; x_wconf 79' lang='lat' dir='ltr'><strong>natura,</strong></span> <span class='ocrx_word' id='word_1_52' title='bbox 1563 1130 1778 1193; x_wconf 88' lang='lat' dir='ltr'><strong>neque</strong></span> <span class='ocrx_word' id='word_1_53' title='bbox 1835 1109 2212 1174; x_wconf 74' lang='lat' dir='ltr'><strong>immediate</strong></span> <span class='ocrx_word' id='word_1_54' title='bbox 2239 1091 2442 1172; x_wconf 57' lang='lat' dir='ltr'><strong>‘more</strong></span> 
     </span>
     <span class='ocr_line' id='line_1_9' title="bbox 372 1226 2446 1314; baseline -0.004 -20"><span class='ocrx_word' id='word_1_55' title='bbox 372 1227 793 1314; x_wconf 88' lang='lat' dir='ltr'><strong>theosophico</strong></span> <span class='ocrx_word' id='word_1_56' title='bbox 823 1227 895 1286; x_wconf 91' lang='lat' dir='ltr'><strong>in</strong></span> <span class='ocrx_word' id='word_1_57' title='bbox 924 1228 1077 1290; x_wconf 89' lang='lat' dir='ltr'><strong>Deo</strong></span> <span class='ocrx_word' id='word_1_58' title='bbox 1106 1249 1189 1288; x_wconf 78' lang='lat' dir='ltr'><strong>ex</strong></span> <span class='ocrx_word' id='word_1_59' title='bbox 1219 1228 1361 1314; x_wconf 86' lang='lat' dir='ltr'><strong>ipso</strong></span> <span class='ocrx_word' id='word_1_60' title='bbox 1391 1230 1610 1312; x_wconf 83' lang='lat' dir='ltr'><strong>posita</strong></span> <span class='ocrx_word' id='word_1_61' title='bbox 1639 1227 1958 1310; x_wconf 77' lang='lat' dir='ltr'><strong>cogitatio,</strong></span> <span class='ocrx_word' id='word_1_62' title='bbox 2003 1226 2116 1288; x_wconf 88' lang='lat' dir='ltr'><strong>sed</strong></span> <span class='ocrx_word' id='word_1_63' title='bbox 2150 1249 2335 1290; x_wconf 85' lang='lat' dir='ltr'><strong>mera</strong></span> <span class='ocrx_word' id='word_1_64' title='bbox 2367 1229 2446 1288; x_wconf 89' lang='lat' dir='ltr'><strong>si·</strong></span> 
     </span>
     <span class='ocr_line' id='line_1_10' title="bbox 372 1343 2446 1432; baseline -0.003 -21"><span class='ocrx_word' id='word_1_65' title='bbox 372 1350 562 1432; x_wconf 88' lang='lat' dir='ltr'><strong>bique</strong></span> <span class='ocrx_word' id='word_1_66' title='bbox 590 1347 659 1406; x_wconf 88' lang='lat' dir='ltr'><strong>in</strong></span> <span class='ocrx_word' id='word_1_67' title='bbox 678 1345 939 1428; x_wconf 85' lang='lat' dir='ltr'><strong>proprio</strong></span> <span class='ocrx_word' id='word_1_68' title='bbox 970 1346 1294 1406; x_wconf 87' lang='lat' dir='ltr'><strong>elemento</strong></span> <span class='ocrx_word' id='word_1_69' title='bbox 1325 1360 1633 1406; x_wconf 81' lang='lat' dir='ltr'><strong>constans</strong></span> <span class='ocrx_word' id='word_1_70' title='bbox 1657 1343 1872 1406; x_wconf 78' lang='lat' dir='ltr'><strong>divina</strong></span> <span class='ocrx_word' id='word_1_71' title='bbox 1899 1344 2198 1426; x_wconf 70' lang='lat' dir='ltr'><strong>cogitatio</strong></span> <span class='ocrx_word' id='word_1_72' title='bbox 2229 1345 2446 1406; x_wconf 86' lang='lat' dir='ltr'><strong>omnis</strong></span> 
     </span>
     <span class='ocr_line' id='line_1_11' title="bbox 372 1460 2443 1529; baseline -0.004 0"><span class='ocrx_word' id='word_1_73' title='bbox 372 1464 659 1529; x_wconf 76' lang='lat' dir='ltr'><strong>veritatis</strong></span> <span class='ocrx_word' id='word_1_74' title='bbox 704 1479 769 1522; x_wconf 90' lang='lat' dir='ltr'><strong>et</strong></span> <span class='ocrx_word' id='word_1_75' title='bbox 810 1460 1217 1526; x_wconf 75' lang='lat' dir='ltr'><strong>certitudinis</strong></span> <span class='ocrx_word' id='word_1_76' title='bbox 1257 1461 1410 1524; x_wconf 86' lang='lat' dir='ltr'><strong>fons</strong></span> <span class='ocrx_word' id='word_1_77' title='bbox 1457 1461 1851 1523; x_wconf 83' lang='lat' dir='ltr'><strong>invenienda</strong></span> <span class='ocrx_word' id='word_1_78' title='bbox 1879 1479 2038 1528; x_wconf 85' lang='lat' dir='ltr'><strong>erat.</strong></span> <span class='ocrx_word' id='word_1_79' title='bbox 2124 1465 2266 1522; x_wconf 88' lang='lat' dir='ltr'><strong>Hoc</strong></span> <span class='ocrx_word' id='word_1_80' title='bbox 2293 1483 2443 1524; x_wconf 83' lang='lat' dir='ltr'><strong>vero</strong></span> 
     </span>
     <span class='ocr_line' id='line_1_12' title="bbox 374 1578 2444 1668; baseline -0.002 -23"><span class='ocrx_word' id='word_1_81' title='bbox 374 1603 679 1668; x_wconf 82' lang='lat' dir='ltr'><strong>maguum</strong></span> <span class='ocrx_word' id='word_1_82' title='bbox 742 1579 1011 1641; x_wconf 84' lang='lat' dir='ltr'><strong>Cartesii</strong></span> <span class='ocrx_word' id='word_1_83' title='bbox 1068 1578 1147 1640; x_wconf 87' lang='lat' dir='ltr'><strong>de</strong></span> <span class='ocrx_word' id='word_1_84' title='bbox 1207 1579 1615 1662; x_wconf 83' lang='lat' dir='ltr'><strong>philosophia</strong></span> <span class='ocrx_word' id='word_1_85' title='bbox 1670 1580 1969 1639; x_wconf 86' lang='lat' dir='ltr'><strong>meritum</strong></span> <span class='ocrx_word' id='word_1_86' title='bbox 2029 1599 2216 1645; x_wconf 84' lang='lat' dir='ltr'><strong>esse,</strong></span> <span class='ocrx_word' id='word_1_87' title='bbox 2287 1579 2444 1640; x_wconf 87' lang='lat' dir='ltr'><strong>satis</strong></span> 
     </span>
     <span class='ocr_line' id='line_1_13' title="bbox 374 1695 2448 1782; baseline -0.003 -19"><span class='ocrx_word' id='word_1_88' title='bbox 374 1716 649 1766; x_wconf 81' lang='lat' dir='ltr'><strong>constat.</strong></span> <span class='ocrx_word' id='word_1_89' title='bbox 694 1695 819 1776; x_wconf 85' lang='lat' dir='ltr'><strong>(cf.</strong></span> <span class='ocrx_word' id='word_1_90' title='bbox 864 1696 1134 1766; x_wconf 74' lang='lat' dir='ltr'><strong>Hotleo,</strong></span> <span class='ocrx_word' id='word_1_91' title='bbox 1191 1696 1271 1758; x_wconf 90' lang='lat' dir='ltr'><strong>de</strong></span> <span class='ocrx_word' id='word_1_92' title='bbox 1313 1695 1726 1782; x_wconf 86' lang='lat' dir='ltr'><strong>philosophia</strong></span> <span class='ocrx_word' id='word_1_93' title='bbox 1753 1697 2121 1757; x_wconf 85' lang='lat' dir='ltr'><strong>Cartesiana</strong></span> <span class='ocrx_word' id='word_1_94' title='bbox 2151 1695 2448 1757; x_wconf 87' lang='lat' dir='ltr'><strong>disserta-</strong></span> 
     </span>
     <span class='ocr_line' id='line_1_14' title="bbox 373 1811 2446 1885; baseline -0.004 -5"><span class='ocrx_word' id='word_1_95' title='bbox 373 1820 487 1880; x_wconf 85' lang='lat' dir='ltr'><strong>tio.</strong></span> <span class='ocrx_word' id='word_1_96' title='bbox 557 1817 770 1882; x_wconf 84' lang='lat' dir='ltr'><strong>Berol.</strong></span> <span class='ocrx_word' id='word_1_97' title='bbox 818 1821 1007 1882; x_wconf 82' lang='lat'>1826·</span> <span class='ocrx_word' id='word_1_98' title='bbox 1108 1814 1481 1885; x_wconf 79' lang='lat' dir='ltr'><strong>Hinricles,</strong></span> <span class='ocrx_word' id='word_1_99' title='bbox 1561 1815 1854 1878; x_wconf 84' lang='lat' dir='ltr'><strong>Berliner</strong></span> <span class='ocrx_word' id='word_1_100' title='bbox 1895 1811 2446 1874; x_wconf 73' lang='lat' dir='ltr'><strong>Jahrbficherder</strong></span> 
     </span>
     <span class='ocr_line' id='line_1_15' title="bbox 372 1929 2442 2014; baseline -0.005 -14"><span class='ocrx_word' id='word_1_101' title='bbox 372 1933 585 1996; x_wconf 85' lang='lat' dir='ltr'><strong>Kritik</strong></span> <span class='ocrx_word' id='word_1_102' title='bbox 619 1937 801 1999; x_wconf 78' lang='lat'><strong>1827.</strong></span> <span class='ocrx_word' id='word_1_103' title='bbox 857 1950 917 2008; x_wconf 91' lang='lat' dir='ltr'><strong>p.</strong></span> <span class='ocrx_word' id='word_1_104' title='bbox 950 1931 1147 2007; x_wconf 87' lang='grc'>864.)</span> <span class='ocrx_word' id='word_1_105' title='bbox 1234 1929 1468 1994; x_wconf 88' lang='lat' dir='ltr'><strong>Modus</strong></span> <span class='ocrx_word' id='word_1_106' title='bbox 1499 1951 1686 2004; x_wconf 82' lang='lat' dir='ltr'><strong>vero,</strong></span> <span class='ocrx_word' id='word_1_107' title='bbox 1742 1953 1868 2012; x_wconf 88' lang='lat' dir='ltr'><strong>quo</strong></span> <span class='ocrx_word' id='word_1_108' title='bbox 1909 1949 2070 2008; x_wconf 89' lang='lat' dir='ltr'><strong>opus</strong></span> <span class='ocrx_word' id='word_1_109' title='bbox 2113 1948 2442 2014; x_wconf 82' lang='lat' dir='ltr'><strong>aggressus</strong></span> 
     </span>
     <span class='ocr_line' id='line_1_16' title="bbox 374 2046 2207 2129; baseline -0.002 -14"><span class='ocrx_word' id='word_1_110' title='bbox 374 2067 491 2126; x_wconf 76' lang='lat' dir='ltr'><strong>est,</strong></span> <span class='ocrx_word' id='word_1_111' title='bbox 534 2065 599 2112; x_wconf 90' lang='lat' dir='ltr'><strong>et</strong></span> <span class='ocrx_word' id='word_1_112' title='bbox 626 2047 891 2120; x_wconf 85' lang='lat' dir='ltr'><strong>fructus,</strong></span> <span class='ocrx_word' id='word_1_113' title='bbox 936 2068 1123 2129; x_wconf 88' lang='lat' dir='ltr'><strong>quem</strong></span> <span class='ocrx_word' id='word_1_114' title='bbox 1155 2046 1312 2109; x_wconf 90' lang='lat' dir='ltr'><strong>inde</strong></span> <span class='ocrx_word' id='word_1_115' title='bbox 1339 2049 1578 2122; x_wconf 77' lang='lat' dir='ltr'><strong>retulit,</strong></span> <span class='ocrx_word' id='word_1_116' title='bbox 1618 2047 1690 2108; x_wconf 88' lang='lat' dir='ltr'><strong>hi</strong></span> <span class='ocrx_word' id='word_1_117' title='bbox 1718 2047 1852 2109; x_wconf 87' lang='lat' dir='ltr'><strong>fere</strong></span> <span class='ocrx_word' id='word_1_118' title='bbox 1879 2063 2052 2112; x_wconf 86' lang='lat' dir='ltr'><strong>sunt.</strong></span> <span class='ocrx_word' id='word_1_119' title='bbox 2203 2048 2207 2050; x_wconf 56' lang='grc'><strong>’</strong></span> 
     </span>
    </p>
   </div>
   <div class='ocr_carea' id='block_1_3' title="bbox 605 2200 2230 2397">
    <p class='ocr_par' dir='ltr' id='par_1_3' title="bbox 605 2200 2230 2397">
     <span class='ocr_line' id='line_1_17' title="bbox 605 2200 2230 2296; baseline -0.001 -24"><span class='ocrx_word' id='word_1_120' title='bbox 605 2204 677 2296; x_wconf 29' lang='grc'><strong>1.,</strong></span> <span class='ocrx_word' id='word_1_121' title='bbox 728 2203 967 2272; x_wconf 70' lang='lat' dir='ltr'><strong>Sensus</strong></span> <span class='ocrx_word' id='word_1_122' title='bbox 992 2219 1211 2272; x_wconf 80' lang='lat' dir='ltr'><strong>certae</strong></span> <span class='ocrx_word' id='word_1_123' title='bbox 1243 2203 1629 2294; x_wconf 84' lang='lat' dir='ltr'><strong>cognitionis</strong></span> <span class='ocrx_word' id='word_1_124' title='bbox 1658 2200 2054 2296; x_wconf 86' lang='lat' dir='ltr'><strong>principium</strong></span> <span class='ocrx_word' id='word_1_125' title='bbox 2083 2226 2230 2270; x_wconf 81' lang='lat' dir='ltr'><strong>esse</strong></span> 
     </span>
     <span class='ocr_line' id='line_1_18' title="bbox 1234 2324 1585 2397; baseline -0.003 -22"><span class='ocrx_word' id='word_1_126' title='bbox 1234 2324 1585 2397; x_wconf 85' lang='lat' dir='ltr'><strong>nequeunt.</strong></span> 
     </span>
    </p>
   </div>
   <div class='ocr_carea' id='block_1_4' title="bbox 382 2430 2452 2638">
    <p class='ocr_par' dir='ltr' id='par_1_4' title="bbox 382 2430 2452 2638">
     <span class='ocr_line' id='line_1_19' title="bbox 546 2430 2450 2519; baseline -0.002 -20"><span class='ocrx_word' id='word_1_127' title='bbox 546 2430 973 2519; x_wconf 82' lang='lat' dir='ltr'><strong>Experientia</strong></span> <span class='ocrx_word' id='word_1_128' title='bbox 1000 2430 1174 2517; x_wconf 76' lang='lat' dir='ltr'><strong>ipsa,</strong></span> <span class='ocrx_word' id='word_1_129' title='bbox 1218 2454 1410 2517; x_wconf 86' lang='lat' dir='ltr'><strong>quam</strong></span> <span class='ocrx_word' id='word_1_130' title='bbox 1451 2452 1640 2497; x_wconf 86' lang='lat' dir='ltr'><strong>mens</strong></span> <span class='ocrx_word' id='word_1_131' title='bbox 1666 2431 1954 2495; x_wconf 86' lang='lat' dir='ltr'><strong>humana</strong></span> <span class='ocrx_word' id='word_1_132' title='bbox 1993 2452 2300 2496; x_wconf 81' lang='lat' dir='ltr'><strong>sensuum</strong></span> <span class='ocrx_word' id='word_1_133' title='bbox 2326 2453 2450 2513; x_wconf 79' lang='lat' dir='ltr'><strong>opo</strong></span> 
     </span>
     <span class='ocr_line' id='line_1_20' title="bbox 382 2550 2452 2638; baseline -0.004 -19"><span class='ocrx_word' id='word_1_134' title='bbox 382 2554 505 2620; x_wconf 84' lang='lat' dir='ltr'><strong>sibi</strong></span> <span class='ocrx_word' id='word_1_135' title='bbox 530 2552 807 2638; x_wconf 83' lang='lat' dir='ltr'><strong>paravit,</strong></span> <span class='ocrx_word' id='word_1_136' title='bbox 845 2569 1075 2611; x_wconf 76' lang='lat' dir='ltr'><strong>sensus</strong></span> <span class='ocrx_word' id='word_1_137' title='bbox 1102 2550 1459 2633; x_wconf 76' lang='lat' dir='ltr'><strong>decipere,</strong></span> <span class='ocrx_word' id='word_1_138' title='bbox 1502 2550 1904 2634; x_wconf 84' lang='lat' dir='ltr'><strong>eandemque</strong></span> <span class='ocrx_word' id='word_1_139' title='bbox 1932 2571 2068 2612; x_wconf 84' lang='lat' dir='ltr'><strong>rem</strong></span> <span class='ocrx_word' id='word_1_140' title='bbox 2099 2572 2282 2613; x_wconf 87' lang='lat' dir='ltr'><strong>nunc</strong></span> <span class='ocrx_word' id='word_1_141' title='bbox 2307 2551 2452 2627; x_wconf 87' lang='lat' dir='ltr'><strong>hac,</strong></span> 
     </span>
    </p>
   </div>
   <div class='ocr_carea' id='block_1_5' title="bbox 378 2658 2552 2753">
    <p class='ocr_par' dir='ltr' id='par_1_5' title="bbox 378 2658 2552 2753">
     <span class='ocr_line' id='line_1_21' title="bbox 378 2658 2552 2753; baseline -0.002 -20"><span class='ocrx_word' id='word_1_142' title='bbox 378 2692 563 2733; x_wconf 85' lang='lat' dir='ltr'><strong>nunc</strong></span> <span class='ocrx_word' id='word_1_143' title='bbox 590 2668 695 2731; x_wconf 85' lang='lat' dir='ltr'><strong>illa</strong></span> <span class='ocrx_word' id='word_1_144' title='bbox 724 2668 939 2753; x_wconf 87' lang='lat' dir='ltr'><strong>specie</strong></span> <span class='ocrx_word' id='word_1_145' title='bbox 964 2667 1234 2731; x_wconf 84' lang='lat' dir='ltr'><strong>induere</strong></span> <span class='ocrx_word' id='word_1_146' title='bbox 1270 2669 1420 2733; x_wconf 85' lang='lat' dir='ltr'><strong>satis</strong></span> <span class='ocrx_word' id='word_1_147' title='bbox 1447 2668 1726 2732; x_wconf 85' lang='lat' dir='ltr'><strong>edocuit.</strong></span> <span class='ocrx_word' id='word_1_148' title='bbox 1811 2667 2252 2731; x_wconf 80' lang='lat' dir='ltr'><strong>contradictio</strong></span> <span class='ocrx_word' id='word_1_149' title='bbox 2279 2688 2453 2751; x_wconf 84' lang='lat' dir='ltr'><strong>ergo,</strong></span> <span class='ocrx_word' id='word_1_150' title='bbox 2550 2658 2552 2661; x_wconf 49' lang='grc'>’</span> 
     </span>
    </p>
   </div>
   <div class='ocr_carea' id='block_1_6' title="bbox 380 2786 2456 3227">
    <p class='ocr_par' dir='ltr' id='par_1_6' title="bbox 380 2786 2456 3227">
     <span class='ocr_line' id='line_1_22' title="bbox 380 2786 2453 2872; baseline -0.002 -21"><span class='ocrx_word' id='word_1_151' title='bbox 380 2788 457 2851; x_wconf 86' lang='lat' dir='ltr'><strong>in</strong></span> <span class='ocrx_word' id='word_1_152' title='bbox 505 2808 695 2872; x_wconf 88' lang='lat' dir='ltr'><strong>quam</strong></span> <span class='ocrx_word' id='word_1_153' title='bbox 727 2788 1019 2849; x_wconf 85' lang='lat' dir='ltr'><strong>sensibus</strong></span> <span class='ocrx_word' id='word_1_154' title='bbox 1062 2786 1302 2849; x_wconf 81' lang='lat' dir='ltr'><strong>effecta</strong></span> <span class='ocrx_word' id='word_1_155' title='bbox 1329 2786 1598 2849; x_wconf 84' lang='lat' dir='ltr'><strong>scientia</strong></span> <span class='ocrx_word' id='word_1_156' title='bbox 1641 2808 1713 2849; x_wconf 89' lang='lat' dir='ltr'><strong>se</strong></span> <span class='ocrx_word' id='word_1_157' title='bbox 1755 2786 1958 2872; x_wconf 86' lang='lat' dir='ltr'><strong>ipsam</strong></span> <span class='ocrx_word' id='word_1_158' title='bbox 1997 2786 2338 2869; x_wconf 82' lang='lat' dir='ltr'><strong>implicuit,</strong></span> <span class='ocrx_word' id='word_1_159' title='bbox 2383 2802 2453 2847; x_wconf 86' lang='lat' dir='ltr'><strong>et</strong></span> 
     </span>
     <span class='ocr_line' id='line_1_23' title="bbox 382 2902 2456 2987; baseline -0.002 -18"><span class='ocrx_word' id='word_1_160' title='bbox 382 2902 776 2970; x_wconf 79' lang='lat' dir='ltr'><strong>necessitate</strong></span> <span class='ocrx_word' id='word_1_161' title='bbox 804 2919 869 2965; x_wconf 90' lang='lat' dir='ltr'><strong>et</strong></span> <span class='ocrx_word' id='word_1_162' title='bbox 913 2902 1413 2982; x_wconf 83' lang='lat' dir='ltr'><strong>universalitate,</strong></span> <span class='ocrx_word' id='word_1_163' title='bbox 1445 2927 1713 2987; x_wconf 85' lang='lat' dir='ltr'><strong>quarum</strong></span> <span class='ocrx_word' id='word_1_164' title='bbox 1757 2903 1991 2969; x_wconf 77' lang='lat' dir='ltr'><strong>veritas</strong></span> <span class='ocrx_word' id='word_1_165' title='bbox 2032 2924 2265 2987; x_wconf 76' lang='lat' dir='ltr'><strong>expers</strong></span> <span class='ocrx_word' id='word_1_166' title='bbox 2309 2924 2456 2967; x_wconf 83' lang='lat' dir='ltr'><strong>esse</strong></span> 
     </span>
     <span class='ocr_line' id='line_1_24' title="bbox 382 3020 2453 3123; baseline -0.002 -36"><span class='ocrx_word' id='word_1_167' title='bbox 382 3024 634 3110; x_wconf 81' lang='lat' dir='ltr'><strong>nequit,</strong></span> <span class='ocrx_word' id='word_1_168' title='bbox 692 3043 923 3123; x_wconf 78' lang='lat' dir='ltr'><strong>sensus</strong></span> <span class='ocrx_word' id='word_1_169' title='bbox 966 3044 1185 3088; x_wconf 84' lang='lat' dir='ltr'><strong>carere</strong></span> <span class='ocrx_word' id='word_1_170' title='bbox 1227 3022 1570 3087; x_wconf 83' lang='lat' dir='ltr'><strong>manifeste</strong></span> <span class='ocrx_word' id='word_1_171' title='bbox 1611 3022 1924 3107; x_wconf 84' lang='lat' dir='ltr'><strong>probavit.</strong></span> <span class='ocrx_word' id='word_1_172' title='bbox 2019 3026 2162 3113; x_wconf 73' lang='lat' dir='ltr'><strong>Quo</strong></span> <span class='ocrx_word' id='word_1_173' title='bbox 2205 3020 2453 3085; x_wconf 75' lang='lat' dir='ltr'><strong>factum</strong></span> 
     </span>
     <span class='ocr_line' id='line_1_25' title="bbox 382 3140 2454 3227; baseline -0.001 -24"><span class='ocrx_word' id='word_1_174' title='bbox 382 3161 498 3217; x_wconf 84' lang='lat' dir='ltr'><strong>est,</strong></span> <span class='ocrx_word' id='word_1_175' title='bbox 552 3160 626 3205; x_wconf 90' lang='lat' dir='ltr'><strong>ut</strong></span> <span class='ocrx_word' id='word_1_176' title='bbox 666 3145 823 3208; x_wconf 88' lang='lat' dir='ltr'><strong>alius</strong></span> <span class='ocrx_word' id='word_1_177' title='bbox 866 3142 1259 3227; x_wconf 83' lang='lat' dir='ltr'><strong>cognitionis</strong></span> <span class='ocrx_word' id='word_1_178' title='bbox 1303 3141 1456 3206; x_wconf 77' lang='lat' dir='ltr'><strong>fons</strong></span> <span class='ocrx_word' id='word_1_179' title='bbox 1501 3162 1950 3225; x_wconf 82' lang='lat' dir='ltr'><strong>quaereretur,</strong></span> <span class='ocrx_word' id='word_1_180' title='bbox 2010 3140 2118 3223; x_wconf 87' lang='lat' dir='ltr'><strong>qui</strong></span> <span class='ocrx_word' id='word_1_181' title='bbox 2162 3156 2454 3201; x_wconf 83' lang='lat' dir='ltr'><strong>mentem</strong></span> 
     </span>
    </p>
   </div>
   <div class='ocr_carea' id='block_1_7' title="bbox 381 3255 2456 3458">
    <p class='ocr_par' dir='ltr' id='par_1_7' title="bbox 381 3255 2456 3458">
     <span class='ocr_line' id='line_1_26' title="bbox 381 3255 2456 3345; baseline 0.001 -29"><span class='ocrx_word' id='word_1_182' title='bbox 381 3257 653 3319; x_wconf 87' lang='lat' dir='ltr'><strong>omnino</strong></span> <span class='ocrx_word' id='word_1_183' title='bbox 682 3258 898 3321; x_wconf 84' lang='lat' dir='ltr'><strong>fallere</strong></span> <span class='ocrx_word' id='word_1_184' title='bbox 932 3280 1071 3321; x_wconf 90' lang='lat' dir='ltr'><strong>non</strong></span> <span class='ocrx_word' id='word_1_185' title='bbox 1092 3280 1330 3345; x_wconf 86' lang='lat' dir='ltr'><strong>posset,</strong></span> <span class='ocrx_word' id='word_1_186' title='bbox 1373 3283 1617 3345; x_wconf 88' lang='lat' dir='ltr'><strong>neque,</strong></span> <span class='ocrx_word' id='word_1_187' title='bbox 1647 3275 1716 3321; x_wconf 90' lang='lat' dir='ltr'><strong>ut</strong></span> <span class='ocrx_word' id='word_1_188' title='bbox 1737 3257 1926 3336; x_wconf 85' lang='lat' dir='ltr'><strong>fides,</strong></span> <span class='ocrx_word' id='word_1_189' title='bbox 1965 3255 2136 3321; x_wconf 87' lang='lat' dir='ltr'><strong>haud</strong></span> <span class='ocrx_word' id='word_1_190' title='bbox 2163 3276 2456 3343; x_wconf 85' lang='lat' dir='ltr'><strong>perspec-</strong></span> 
     </span>
     <span class='ocr_line' id='line_1_27' title="bbox 382 3368 1708 3458; baseline 0.006 -26"><span class='ocrx_word' id='word_1_191' title='bbox 382 3386 476 3434; x_wconf 77' lang='lat' dir='ltr'><strong>tas</strong></span> <span class='ocrx_word' id='word_1_192' title='bbox 505 3368 798 3433; x_wconf 80' lang='lat' dir='ltr'><strong>veritates</strong></span> <span class='ocrx_word' id='word_1_193' title='bbox 834 3374 931 3432; x_wconf 80' lang='lat' dir='ltr'><strong>vel</strong></span> <span class='ocrx_word' id='word_1_194' title='bbox 962 3375 1268 3453; x_wconf 81' lang='lat' dir='ltr'><strong>mysteria</strong></span> <span class='ocrx_word' id='word_1_195' title='bbox 1298 3394 1708 3458; x_wconf 84' lang='lat' dir='ltr'><strong>supponeret.</strong></span> 
     </span>
    </p>
   </div>
   <div class='ocr_carea' id='block_1_8' title="bbox 381 3526 2454 3979">
    <p class='ocr_par' dir='ltr' id='par_1_8' title="bbox 381 3526 2454 3979">
     <span class='ocr_line' id='line_1_28' title="bbox 794 3526 2067 3620; baseline 0.001 -25"><span class='ocrx_word' id='word_1_196' title='bbox 794 3526 865 3595; x_wconf 74' lang='lat'><strong>2.</strong></span> <span class='ocrx_word' id='word_1_197' title='bbox 968 3526 1271 3619; x_wconf 83' lang='lat' dir='ltr'><strong>Cognitio</strong></span> <span class='ocrx_word' id='word_1_198' title='bbox 1323 3554 1446 3620; x_wconf 83' lang='lat' dir='ltr'><strong>per</strong></span> <span class='ocrx_word' id='word_1_199' title='bbox 1492 3531 1712 3597; x_wconf 85' lang='lat' dir='ltr'><strong>Deum</strong></span> <span class='ocrx_word' id='word_1_200' title='bbox 1763 3530 2018 3599; x_wconf 80' lang='lat' dir='ltr'><strong>effecta.</strong></span> <span class='ocrx_word' id='word_1_201' title='bbox 2064 3555 2067 3557; x_wconf 86' lang='lat'>·</span> 
     </span>
     <span class='ocr_line' id='line_1_29' title="bbox 552 3632 2452 3737; baseline 0.001 -20"><span class='ocrx_word' id='word_1_202' title='bbox 552 3659 757 3737; x_wconf 84' lang='lat' dir='ltr'><strong>Quam</strong></span> <span class='ocrx_word' id='word_1_203' title='bbox 787 3658 868 3719; x_wconf 91' lang='lat' dir='ltr'><strong>ob</strong></span> <span class='ocrx_word' id='word_1_204' title='bbox 897 3678 1060 3733; x_wconf 86' lang='lat' dir='ltr'><strong>rem,</strong></span> <span class='ocrx_word' id='word_1_205' title='bbox 1103 3678 1189 3718; x_wconf 86' lang='lat' dir='ltr'><strong>ne</strong></span> <span class='ocrx_word' id='word_1_206' title='bbox 1217 3658 1289 3717; x_wconf 88' lang='lat' dir='ltr'><strong>in</strong></span> <span class='ocrx_word' id='word_1_207' title='bbox 1316 3680 1600 3721; x_wconf 84' lang='lat' dir='ltr'><strong>errorem</strong></span> <span class='ocrx_word' id='word_1_208' title='bbox 1627 3660 1973 3737; x_wconf 85' lang='lat' dir='ltr'><strong>decideret,</strong></span> <span class='ocrx_word' id='word_1_209' title='bbox 2015 3632 2346 3724; x_wconf 68' lang='lat' dir='ltr'><strong>Cartesius</strong></span> <span class='ocrx_word' id='word_1_210' title='bbox 2374 3656 2452 3719; x_wconf 88' lang='lat' dir='ltr'><strong>de</strong></span> 
     </span>
     <span class='ocr_line' id='line_1_30' title="bbox 381 3775 2454 3861; baseline 0.002 -29"><span class='ocrx_word' id='word_1_211' title='bbox 381 3775 703 3849; x_wconf 78' lang='lat' dir='ltr'><strong>omnibus,</strong></span> <span class='ocrx_word' id='word_1_212' title='bbox 748 3798 909 3859; x_wconf 86' lang='lat' dir='ltr'><strong>quae</strong></span> <span class='ocrx_word' id='word_1_213' title='bbox 950 3793 1016 3839; x_wconf 90' lang='lat' dir='ltr'><strong>et</strong></span> <span class='ocrx_word' id='word_1_214' title='bbox 1044 3796 1352 3841; x_wconf 81' lang='lat' dir='ltr'><strong>sensuum</strong></span> <span class='ocrx_word' id='word_1_215' title='bbox 1378 3798 1503 3861; x_wconf 90' lang='lat' dir='ltr'><strong>ope</strong></span> <span class='ocrx_word' id='word_1_216' title='bbox 1542 3794 1610 3839; x_wconf 89' lang='lat' dir='ltr'><strong>et</strong></span> <span class='ocrx_word' id='word_1_217' title='bbox 1653 3779 1926 3841; x_wconf 82' lang='lat' dir='ltr'><strong>aliorum</strong></span> <span class='ocrx_word' id='word_1_218' title='bbox 1957 3777 2307 3840; x_wconf 88' lang='lat' dir='ltr'><strong>traditione</strong></span> <span class='ocrx_word' id='word_1_219' title='bbox 2352 3798 2454 3837; x_wconf 86' lang='lat' dir='ltr'><strong>ac-</strong></span> 
     </span>
     <span class='ocr_line' id='line_1_31' title="bbox 381 3892 2452 3979; baseline 0.003 -31"><span class='ocrx_word' id='word_1_220' title='bbox 381 3906 660 3971; x_wconf 83' lang='lat' dir='ltr'><strong>ceperat,</strong></span> <span class='ocrx_word' id='word_1_221' title='bbox 734 3892 1159 3955; x_wconf 86' lang='lat' dir='ltr'><strong>dubitandum</strong></span> <span class='ocrx_word' id='word_1_222' title='bbox 1206 3916 1349 3959; x_wconf 87' lang='lat' dir='ltr'><strong>esse</strong></span> <span class='ocrx_word' id='word_1_223' title='bbox 1393 3897 1664 3973; x_wconf 85' lang='lat' dir='ltr'><strong>censuit,</strong></span> <span class='ocrx_word' id='word_1_224' title='bbox 1737 3918 1814 3958; x_wconf 90' lang='lat' dir='ltr'><strong>eo</strong></span> <span class='ocrx_word' id='word_1_225' title='bbox 1855 3896 2113 3979; x_wconf 88' lang='lat' dir='ltr'><strong>quidem</strong></span> <span class='ocrx_word' id='word_1_226' title='bbox 2159 3895 2452 3970; x_wconf 85' lang='lat' dir='ltr'><strong>consilio,</strong></span> 
     </span>
    </p>
   </div>
   <div class='ocr_carea' id='block_1_9' title="bbox 365 4006 2555 4209">
    <p class='ocr_par' dir='ltr' id='par_1_9' title="bbox 365 4006 2555 4209">
     <span class='ocr_line' id='line_1_32' title="bbox 374 4006 2555 4099; baseline 0.005 -34"><span class='ocrx_word' id='word_1_227' title='bbox 374 4023 443 4065; x_wconf 86' lang='lat' dir='ltr'><strong>ut</strong></span> <span class='ocrx_word' id='word_1_228' title='bbox 470 4006 826 4083; x_wconf 78' lang='lat' dir='ltr'><strong>veritatem,</strong></span> <span class='ocrx_word' id='word_1_229' title='bbox 872 4012 922 4072; x_wconf 89' lang='lat' dir='ltr'><strong>si</strong></span> <span class='ocrx_word' id='word_1_230' title='bbox 956 4035 1115 4093; x_wconf 83' lang='lat' dir='ltr'><strong>quae</strong></span> <span class='ocrx_word' id='word_1_231' title='bbox 1144 4032 1332 4093; x_wconf 86' lang='lat' dir='ltr'><strong>esset,</strong></span> <span class='ocrx_word' id='word_1_232' title='bbox 1373 4016 1501 4079; x_wconf 89' lang='lat' dir='ltr'><strong>hoc</strong></span> <span class='ocrx_word' id='word_1_233' title='bbox 1549 4013 1744 4078; x_wconf 87' lang='lat' dir='ltr'><strong>modo</strong></span> <span class='ocrx_word' id='word_1_234' title='bbox 1773 4012 1851 4076; x_wconf 87' lang='lat' dir='ltr'><strong>ad</strong></span> <span class='ocrx_word' id='word_1_235' title='bbox 1878 4011 2316 4099; x_wconf 78' lang='lat' dir='ltr'><strong>semetipsam</strong></span> <span class='ocrx_word' id='word_1_236' title='bbox 2349 4011 2451 4075; x_wconf 86' lang='lat' dir='ltr'><strong>de·</strong></span> <span class='ocrx_word' id='word_1_237' title='bbox 2554 4006 2555 4033; x_wconf 75' lang='lat'>³</span> 
     </span>
     <span class='ocr_line' id='line_1_33' title="bbox 365 4122 1219 4209; baseline 0.006 -22"><span class='ocrx_word' id='word_1_238' title='bbox 365 4122 703 4205; x_wconf 84' lang='lat' dir='ltr'><strong>tegendam</strong></span> <span class='ocrx_word' id='word_1_239' title='bbox 734 4128 911 4205; x_wconf 85' lang='lat' dir='ltr'><strong>quasi</strong></span> <span class='ocrx_word' id='word_1_240' title='bbox 942 4148 1219 4209; x_wconf 87' lang='lat' dir='ltr'><strong>cogeret.</strong></span> 
     </span>
    </p>
   </div>
   <div class='ocr_carea' id='block_1_10' title="bbox 2552 2804 2558 3497">
    <p class='ocr_par' dir='ltr' id='par_1_10' title="bbox 2552 2804 2558 3497">
     <span class='ocr_line' id='line_1_34' title="bbox 2552 2804 2558 3497; baseline 0 0"><span class='ocrx_word' id='word_1_241' title='bbox 2552 2804 2558 3497; x_wconf 95' lang='lat' dir='ltr'><strong> </strong></span> 
     </span>
    </p>
   </div>
  </div>
 </body>
</html>
