2588 4687
979 266 1417 329 -...·5.-..

127 453 242 494 res
285 401 600 516 ucogitans,
645 432 940 514 quamvis
976 451 1208 509 creata,
1253 432 1330 494 ad
1376 433 1820 496 exsistendum
1858 449 1921 492 et
1954 454 2227 515 operan-

123 550 298 611 dum
329 553 566 612 nullius
609 550 770 612 alius
815 548 1085 634 indiget.
1176 550 1475 634 Cogit-ans
1524 551 1699 613 enim
1735 572 1803 612 se
1832 548 2248 634 cogitantem'
2280 635 2291 646 ‚
2322 609 2331 614 .

121 669 422 752 cogitare
451 685 638 750 atque
681 667 754 726 in
800 668 906 728 tali
949 667 1347 750 cogitatione
1390 690 1424 728 a
1454 690 1725 752 corpore
1754 671 1946 750 plane
1978 669 2223 730 abstra-

115 787 292 846 here
321 801 550 869 potest,
595 785 744 868 quia
773 805 1006 870 corpus
1039 784 1118 844 ad
1148 784 1604 867 cogitationem
1639 785 2042 846 efficiendam
2074 808 2215 847 non

115 905 333 970 valet.
417 907 671 986 Itaque,
716 925 860 962 cum
897 919 960 964 et
1000 923 1100 964 res
1131 921 1405 964 extensa
1444 919 1507 963 et
1535 923 1637 966 res
1669 903 1961 987 cogitans
1991 901 2067 962 ad
2098 925 2213 964 ex-

113 1007 496 1083 siste‘ndum
541 1022 776 1084 nullius
820 1021 976 1084 alius
1016 1019 1300 1102 indi-get²
1379 1036 1645 1109 utraque
1690 1043 1815 1105 pro
1856 997 2209 1083 substantie

107 1138 427 1200 habenda
461 1155 576 1203 est.

849 1357 900 1392 c..
971 1342 1305 1394 Assistentia
1338 1313 1461 1396 nbi.

295 1443 474 1503 Licet
502 1465 656 1505 vero
688 1461 954 1526 propter
982 1447 1299 1506 essentiae
1330 1443 1773 1508 diversitatem·
1796 1465 1901 1506 res
1932 1461 2205 1506 extensa

102 1580 262 1619 rem
296 1561 726 1659 cogitantem?
768 1580 870 1621 res
899 1561 1184 1641 cogitans
1212 1581 1352 1620 rem
1386 1575 1726 1623 extensam
1770 1561 2203 1620 determinare

102 1694 430 1759 nequeat,
475 1673 880 1754 experientia
906 1691 1128 1736 tamen
1156 1675 1421 1736 alteram
1452 1679 1531 1736 ab
1560 1677 1754 1736 altera
1782 1674 2203 1736 determinari

99 1792 332 1854 docet.
424 1790 770 1870 Quaeritur
807 1813 999 1875 ergo,
1043 1813 1168 1879 qua
1210 1790 1469 1853 ratione
1506 1791 1997 1854 substantiarum
2042 1791 2203 1852 unio

98 1910 256 1972 fieri
286 1910 542 1993 possit?
589 1910 837 1992 Cogito,
879 1931 932 1974 e.
949 1931 1008 1992 g.
1036 1909 1279 1972 brachii
1314 1926 1561 1975 motum
1592 1925 1658 1972 et
1687 1893 2013 1970 {oluntate
2040 1908 2201 1970 haec

99 2028 420 2110 cogitatio
449 2029 522 2088 in
553 2027 786 2088 realem
815 2027 1057 2088 brachii
1086 2043 1337 2091 motum
1367 2028 1621 2094 transit.
1680 2025 2197 2090 substantiarum

99 2147 288 2207 inter
313 2165 384 2208 se
411 2145 672 2220 relatio,
716 2159 786 2203 ut
824 2165 862 2206 e
891 2145 1168 2207 notione
1209 2145 1613 2208 substantiae
1643 2143 2030 2228 patefactum
2067 2161 2191 2212 est,

95 2285 188 2324 ex
215 2264 502 2347 ipsarum
549 2279 782 2322 natura
824 2264 1128 2345 explicari
1171 2262 1419 2347 nequit,
1465 2263 1613 2347 quia
1653 2263 1726 2322 in
1755 2283 2007 2346 quaque
2036 2265 2191 2323 sub·

89 2383 344 2444 stantia
371 2380 782 2455 mutationes,
810 2400 968 2462 quas
994 2379 1189 2453 subit,
1206 2399 1347 2443 non
1372 2379 1555 2439 aliter
1582 2400 1657 2439 ac
1678 2396 1985 2463 tanquam
2011 2376 2195 2443 modi

95 2496 477 2561 affectionis
527 2499 662 2559 eius
696 2477 974 2579 intelligi
1004 2511 1305 2574 possunt.
1387 2493 1625 2559 Modus
1666 2496 1857 2579 igitur
1896 2494 2189 2557 affectio·

95 2617 208 2679 nis
244 2616 443 2689 illius,
489 2637 614 2695 qua
645 2634 779 2675 una
819 2614 1178 2679 substantia
1221 2613 1487 2679 alteram
1522 2612 1961 2681 determinare
2006 2612 2189 2677 vide·-

92 2751 226 2807 ων,
269 2752 412 2793 non
440 2752 525 2792 ex
549 2731 745 2816 ipsis,
788 2730 902 2793 sed
929 2750 1008 2794 ex
1037 2730 1229 2793 tertio
1255 2744 1514 2793 tantum
1542 2728 2008 2809 comprehendi
2038 2746 2183 2812 pot-

94 2868 232 2927 est,
292 2848 466 2933 quod
517 2851 656 2911 illas
699 2848 874 2911 inter
914 2869 983 2911 se
1025 2848 1303 2910 omnino
1349 2847 1637 2911 diversas
1684 2847 2069 2909 substantias
2102 2846 2185 2905 in·

87 2990 300 3029 unum
332 2964 593 3047 redigat.
683 2965 872 3044 Quod
899 2964 1160 3025 tertium
1188 2985 1373 3035 vero,
1417 2963 1748 3041 utriusque
1791 2960 2191 3021 substantiae

87 3084 415 3153 medium,
458 3079 817 3140 secundum
848 3080 1290 3141 Cartesianam
1322 3075 1838 3157 suppositionem
1858 3116 1877 3149 ,
1920 3089 2017 3135 est
2042 3074 2177 3154 pri·

88 3225 202 3266 ma
253 3196 534 3262 creatrix
563 3195 952 3271 substantia,
1007 3212 1171 3277 quae
1211 3206 1509 3252 mentem
1544 3211 1699 3251 cum
1736 3206 1963 3257 natura
2004 3192 2193 3249 assia·

88 3320 354 3395 scentia
398 3335 526 3375 sua
567 3312 870 3375 conciliat
911 3328 976 3375 et
1017 3333 1250 3397 porro,
1306 3329 1457 3371 eum
1498 3309 1722 3377 Deum
1758 3309 2167 3395 deceptorem

95 3459 240 3502 esse
280 3433 542 3496 credere
567 3452 714 3493 non
757 3451 1126 3515 possumus,
1177 3448 1397 3492 veram
1442 3448 1699 3511 quoque
1724 3429 2167 3512 cognitionem

92 3554 316 3619 efficit.
403 3554 629 3612 Postea
655 3548 816 3609 haec
841 3548 922 3611 de
951 3546 1331 3610 immediato
1363 3546 1499 3613 Dei
1526 3566 1849 3612 concursu
1875 3544 2168 3614 doctrina

93 3696 128 3733 a
152 3669 424 3735 Cartesii
467 3665 796 3751 discipulis
836 3666 908 3726 in
951 3686 1094 3728 eam
1135 3665 1215 3729 de
1247 3663 1455 3726 causis
1482 3662 1987 3725 occasionalibus
2019 3681 2168 3722 mu-

92 3806 220 3864 tata
243 3804 371 3854 est.
457 3788 619 3848 Cum
654 3798 862 3843 autem
893 3782 1014 3844 hae
1045 3799 1174 3846 tres
1210 3778 1626 3857 substantiae¹
1666 3778 1879 3845 Deus,
1924 3798 2027 3841 res
2059 3760 2165 3845 ex«

95 3925 276 3971 tensa
305 3922 366 3967 et
395 3924 494 3966 res
525 3902 840 3985 cogitans,
882 3900 955 3959 in
985 3920 1098 3961 sua
1129 3896 1417 3960 essentia
1462 3912 1903 3979 perseverent,
1948 3897 2159 3958 unita-

93 4042 222 4088 tem
253 4046 468 4086 earum
501 4042 648 4084 non
675 4020 1024 4094 internam,
1057 4015 1166 4081 sed
1200 4030 1534 4077 externam
1570 4030 1813 4077 tentum
1848 4036 2018 4090 esse,
2062 4036 2160 4082 sa·

100 4144 172 4206 tis
202 4157 482 4227 apparet.
