2588 4687
897 361 1011 374 —-
1099 329 1180 388 29
1265 351 1418 372 --·

108 487 563 550 affirmatione
621 491 944 565 carentia,
1013 488 1346 554 veritatem
1405 506 1471 554 et
1526 491 1877 554 realitatem
1920 491 2179 570 habent,

99 623 434 689 quatenus
475 606 548 666 in
595 610 746 668 Uno
787 608 942 670 Deo
985 628 1130 669 esse
1173 607 1573 690 cogitantur,
1644 609 1734 672 ita
1768 625 1848 674 ,ut
1890 611 1986 671 vel
2029 608 2177 674 Indi

105 729 186 786 ab
238 725 368 786 ista
411 721 814 806 quorundam
867 721 1167 786 nostrum
1225 723 1670 808 theologorum
1713 724 2178 808 imaginatione

105 842 366 916 absint,
411 860 578 924 quae
616 839 873 902 finitum
917 863 952 904 a
995 840 1407 904 Pantheismo
1448 839 1819 904 immediate
1862 863 1979 926 pro
2020 846 2175 908 Deo

113 960 478 1043 subjective
532 960 610 1022 in
661 979 732 1022 se
773 959 1016 1022 reflexo
1057 959 1278 1023 haberi
1314 959 1676 1038 affirmant3
1760 974 1903 1020 cum
1944 959 2179 1034 dualis,-

107 1101 294 1140 mum
338 1079 412 1142 in
455 1079 777 1162 Spinozae
819 1096 1170 1162 systemate
1208 1079 1377 1141 haud
1418 1095 1861 1164 respexerunt.
1948 1082 2181 1159 Quam-

108 1197 206 1259 vis
247 1196 430 1257 enim
479 1197 762 1278 Spinoza
805 1198 1226 1260 substantiam
1272 1197 1599 1260 infinitam
1644 1215 1707 1261 et
1749 1219 1852 1262 res
1894 1198 2179 1260 invicem

114 1334 180 1375 se
222 1311 736 1378 determinantes
781 1315 996 1378 finitas
1043 1335 1184 1378 esse
1228 1314 1417 1391 dicit,
1478 1331 1699 1379 tamen
1738 1337 1843 1381 res
1884 1335 2025 1378 non
2066 1319 2182 1378 ab·

112 1432 319 1494 solute
359 1411 450 1490 in.
477 1431 632 1494 Deo
675 1431 1153 1516 concipiuntur.
1237 1435 1464 1496 Causa¹
1492 1433 1589 1493 sui
1629 1433 1821 1514 igitur
1863 1453 1963 1508 eo,
2008 1430 2181 1515 quod

114 1572 220 1614 res
272 1550 494 1612 finitae
547 1551 614 1612 ei
655 1569 1114 1638 opponuntur,
1183 1572 1405 1612 revera
1449 1549 1705 1611 infinita
1746 1571 1889 1612 esse
1932 1548 2177 1626 definit,

111 1669 262 1752 quia
304 1687 410 1730 res
452 1688 741 1730 nonesse
785 1688 1122 1752 nunquam
1165 1683 1445 1730 cessant.
1534 1665 1651 1728 Sin
1695 1687 1847 1728 vero
1890 1663 2176 1748 Spinoza

105 1803 326 1848 ortum
383 1783 718 1846 finitarum
773 1805 994 1845 rerum
1047 1805 1138 1844 ex
1194 1782 1459 1844 infinito
1522 1780 1921 1857 deduxisset,
2003 1781 2176 1844 hanc

111 1924 369 1988 quoque
409 1901 843 1984 objectionem
887 1904 1080 1984 plane
1123 1901 1459 1978 solvisset3
1501 1921 1683 1962 nune
1724 1921 1875 1984 ergo
1918 1899 1992 1961 in
2031 1898 2179 1985 fini,

105 2027 192 2088 tis
237 2025 429 2084 rebus
471 2015 696 2084 Deum
736 2039 1150 2106 praesentem
1197 2040 1341 2082 esse
1386 2040 1621 2102 easque
1664 2041 1702 2081 a
1742 2019 1895 2082 Deo
1938 2016 2021 2078 ad
2060 2037 2179 2080 ex·

112 2137 478 2206 sistendum
519 2156 590 2202 et
627 2139 1030 2224 operandum
1070 2138 1530 2212 determinari,
1586 2139 1899 2199 abstracte
1940 2136 2171 2200 asserit

110 2260 414 2345 quidem,
481 2257 600 2320 sed
653 2279 794 2320 non
833 2258 1261 2320 demonstrat.
1349 2259 1619 2337 Propter
1659 2254 1841 2316 hunc
1882 2272 2175 2338 apertum

105 2379 500 2441 dualismum
543 2376 728 2457 (nam
773 2376 1202 2443 abstractione
1244 2373 1699 2437 tantummodo
1746 2372 1977 2436 effecta
2020 2396 2185 2437 con-

105 2495 511 2559 tradictionis
559 2495 791 2557 solutio
833 2493 1096 2577 proprie
1143 2494 1320 2553 nulla
1364 2492 1515 2571 est)
1555 2492 1637 2567 ii,
1708 2490 1819 2573 qui
1861 2468 2180 2572 Spinozae

109 2631 394 2696 systema
437 2632 635 2677 sensu
674 2601 915 2693 vulgari
949 2608 1435 2671 Pantheismum
1479 2622 1898 2691 nuncupant,
1944 2610 2176 2695 sephi.

109 2730 474 2815 losophiam
515 2730 658 2815 ejus
698 2729 912 2791 obiter
951 2742 1207 2789 tantum
1248 2726 1543 2790 hausisse
1582 2730 1884 2813 probant.

268 2904 522 2976 Jacobi
565 2914 883 2995 (Sammtl.
908 2916 1011 2979 W.
1056 2916 1164 2979 IV.
1205 2912 1407 2982 Abth.
1454 2920 1513 2982 1.
1556 2938 1625 2999 p·
1670 2921 1822 2983 216.
1864 2914 1987 2996 L),
2024 2936 2178 2977 cum

107 3036 371 3109 Deum,
413 3052 628 3115 neque
667 3032 740 3093 in
797 3052 868 3096 se
921 3030 1234 3093 reflexum
1289 3052 1502 3114 neque
1558 3051 1597 3091 a
1638 3030 1886 3091 mundo
1929 3031 2181 3093 discre-

107 3168 274 3225 tum,
316 3169 459 3209 non
498 3149 722 3211 Deum
765 3170 906 3215 esse
947 3150 1313 3225 existimat,
1366 3147 1686 3209 Atheismi
1730 3148 1983 3211 crimen
2022 3170 2178 3211 cum

107 3290 187 3332 eo
232 3263 627 3329 Pantheismi
680 3268 1047 3353 conjunxit.
1173 3266 1494 3329 Omnium
1546 3266 1986 3351 objectionum
2031 3289 2179 3333 sua·
2250 3354 2255 3361 ί

108 3407 257 3448 rum
298 3404 576 3447 nervum
615 3386 840 3448 ‹Jacobi
884 3387 959 3447 in
1014 3384 1417 3472 praefatione
1460 3387 1667 3471 quarti
1708 3409 1980 3472 operum
2011 3387 2177 3449 tomi
2256 3358 2260 3364 Ι

113 3500 366 3582 (Briefe
411 3504 570 3564 iiber
610 3501 717 3566 die
759 3503 966 3567 Lehre
1023 3503 1136 3567 des
1185 3503 1468 3591 Spinoza
1512 3526 1601 3569 an
1640 3503 2174 3583 Mendelssohn)‚

107 3644 170 3704 p.
212 3618 758 3698 XXII—XXVII,
818 3622 1194 3701 praesertim
1255 3642 1415 3686 vero
1460 3620 1573 3684 ·his
1615 3622 1829 3685 verbis
1871 3640 2177 3683 consum·

109 3736 338 3799 mavit:
420 3740 564 3802 Das
623 3738 1262 3823 Causalitatsprincip
1342 3740 1459 3802 des
1533 3737 1923 3802 Verstandes
1991 3736 2173 3801 ffihrt

107 3859 294 3922 nicht
333 3860 492 3920 iiber
529 3858 637 3920 die
682 3859 926 3934 Natur‚
984 3859 1142 3918 fiber
1184 3855 1315 3918 den
1358 3855 1601 3939 Begriff
1640 3856 1751 3919 des
1792 3853 2177 3936 Endlichen,

12 3964 14 4033 ἔ
108 3977 360 4039 hinaus.
445 3976 536 4039 Es
595 3976 810 4039 findet
867 3975 1006 4039 sich
1063 3993 1246 4055 sogar
1301 3972 1681 4035 vermittelst
1736 3970 1850 4037 des
1896 3977 2179 4039 Causali-

12 4098 68 4183 {¹
109 4095 559 4179 tatsprincipS,
641 4094 788 4157 dass
845 4114 914 4156 es
971 4091 1219 4153 keinen
1272 4088 1585 4171 Inbegriff
1636 4088 1749 4153 des
1803 4091 2178 4155 Endlichen

12 4222 14 4227 '
112 4216 320 4297 geben
373 4214 590 4292 kann,
662 4212 809 4276 dass
869 4209 985 4274 der
1029 4204 1504 4294 Naturbegriff,
1575 4210 1981 4294 geschieden
2021 4234 2171 4276 vom
