2588 4687
923 306 1369 365 ......9-.-

100 471 432 551 majorem
480 469 755 552 partium
802 466 1284 530 multitudinem
1332 467 1711 552 concipere,
1802 463 1919 528 sed
1960 483 2181 528 earum

97 585 500 660 multitudo,
545 585 766 668 quavis
817 584 994 659 data,
1052 581 1315 646 deberet
1356 604 1499 646 esse
1544 585 1780 666 major,
1849 581 2021 668 quod
2065 581 2185 644 fal-

99 725 262 766 sum
308 721 438 770 estt
493 725 642 764 num
688 704 763 764 in
806 719 944 764 toto
987 702 1228 787 spatio,
1298 703 1470 763 inter
1513 702 1671 765 duos
1718 704 2022 776 circulos,
2088 700 2189 764 di-

103 843 314 884 versa
359 838 582 883 centra
623 821 954 897 habentes,
999 819 1192 902 duplo
1232 821 1545 902 majorem
1588 820 1861 904 partium
1914 822 2187 882 multitu·

102 938 350 1002 dinem
394 940 818 1020 concipimus,
865 961 1050 1022 quam
1097 938 1170 1000 in
1217 938 1503 1014 ejusdem
1549 937 1817 1000 dimidio
1862 955 1926 999 et
1965 957 2189 1002 tamen

105 1058 416 1139 partium
444 1078 779 1132 numerus,
823 1073 954 1118 tam
991 1056 1262 1132 dimidii,
1306 1077 1495 1139 quam
1528 1058 1722 1119 totius
1754 1057 1961 1140 spatii,
2006 1059 2189 1120 omni

103 1172 491 1256 assignabili
545 1195 822 1234 numero
881 1175 1087 1256 major
1145 1189 1260 1236 est.
1335 1172 1464 1250 (cf,
1519 1173 1863 1234 kritisches
1923 1176 2193 1238 Journal

107 1290 242 1352 der
287 1291 690 1375 Philosophie
735 1312 870 1354 von
917 1293 1242 1374 schelling
1285 1290 1422 1352 und
1467 1293 1685 1373 Hegel.
1742 1289 1854 1356 Bd.
1884 1293 1966 1358 ΙΙ.
2012 1295 2097 1356 St.
2132 1303 2190 1362 1.

111 1415 326 1476 1802.
366 1433 437 1493 p.
473 1417 654 1477 82-
675 1417 775 1476 87.
819 1412 1072 1492 Hegel's
1098 1409 1571 1472 wissenschaft
1599 1409 1710 1470 der
1738 1409 1961 1492 Logik.
2002 1410 2119 1476 Bd.
2140 1411 2195 1480 Ι.

117 1531 325 1595 1812.
368 1546 436 1605 Ρ.
465 1533 592 1592 220
623 1531 790 1607 seq.)

303 1695 508 1754 Recte
557 1692 814 1776 quidem
865 1692 1148 1774 Spinoza
1193 1694 1269 1752 ab
1318 1711 1445 1751 una
1490 1707 1669 1774 parte
1725 1690 1893 1752 finiti
1953 1710 2018 1754 et
2058 1694 2201 1755 infi-

112 1809 264 1870 niti
307 1809 642 1870 notionem
691 1809 1028 1892 exposuit,
1102 1811 1181 1870 ab
1226 1812 1420 1870 altera
1467 1831 1617 1870 vero
1659 1827 1835 1890 parte
1882 1833 2023 1873 eam
2064 1833 2203 1876 non

120 1925 458 1990 exhausit.
542 1925 646 1987 Ab
691 1948 798 2001 ea,
855 1949 1018 2010 quae
1046 1926 1300 1987 finitum
1334 1926 1741 2010 negationem
1774 1945 1839 1989 et
1867 1931 2201 1994 infinitum

26 2113 28 2116 y
127 2040 642 2104 affirmationem
677 2063 818 2105 esse
849 2043 1224 2118 contendit,
1270 2044 1455 2105 notio
1500 2066 1683 2121 vera,
1719 2049 1797 2107 ab
1841 2048 1945 2110 ina
1990 2065 2205 2113 autem

130 2179 309 2242 quae
351 2161 764 2244 negationem
825 2163 992 2224 finiti
1049 2180 1230 2224 extra
1287 2164 1530 2227 infiniti
1586 2166 2077 2231 affirmationem
2140 2187 2205 2232 et

133 2277 646 2347 affirmationem
689 2281 932 2342 infiniti
990 2297 1172 2345 extra
1212 2281 1381 2345 finiti
1426 2283 1839 2366 negationem
1885 2303 2027 2349 esse
2070 2289 2211 2349 exi-

131 2397 402 2464 stimat,
467 2384 802 2473 falsa'est,
863 2397 1011 2481 quia
1059 2399 1333 2459 alterum
1380 2400 1647 2461 alterum
1690 2402 2055 2463 necessario
2095 2426 2213 2488 po-

137 2517 358 2579 stulat.
399 2515 539 2577 Etsi
570 2515 853 2596 Spinoza
879 2516 1062 2594 (Eth.
1090 2519 1156 2581 P.
1187 2519 1234 2581 Ι.
1277 2540 1341 2601 p.
1371 2517 1597 2595 XXVI)
1623 2516 1809 2579 dicit:
1852 2520 2007 2594 Res,
2052 2542 2213 2603 quae

128 2632 232 2697 ad
276 2631 512 2715 aliquid
555 2630 959 2715 operandum
1005 2629 1433 2709 determinata
1478 2650 1609 2711 est,
1650 2657 1688 2695 a
1728 2636 1883 2699 Deo
1926 2604 2219 2704 necessae·

139 2750 250 2811 rio
294 2748 390 2811 sic
431 2747 552 2809 fuit
587 2746 1051 2827 determinata3
1092 2764 1198 2823 et,
1241 2770 1405 2833 quae
1452 2770 1489 2810 a
1513 2749 1667 2814 Deo
1694 2772 1837 2813 non
1880 2767 1978 2813 est
2018 2752 2219 2817 deter-

144 2866 435 2942 minata,
491 2885 632 2926 non
674 2883 884 2950 potest
928 2888 998 2931 se
1044 2866 1250 2950 ipsam
1296 2866 1765 2947 determinare3
1820 2886 2045 2931 tamen
2084 2874 2223 2933 nul·

51 3014 70 3041 e
145 2984 271 3047 libi
311 2982 484 3043 finiti
529 3002 614 3042 ex
667 2980 1179 3043 indeterminato
1238 2999 1305 3042 et
1346 2985 1555 3043 solum
1598 2982 2077 3045 determinante
2120 2987 2227 3045 in-

153 3100 350 3161 finito
399 3112 619 3156 ortum
664 3095 944 3157 deducit.
986 3097 1292 3175 (Iacchi,
1337 3100 1497 3157 iiber
1542 3094 1647 3159 die
1686 3096 1896 3158 Lehre
1938 3093 2051 3158 des
2097 3101 2233 3179 Spi-

155 3240 358 3285 noza.
443 3216 732 3277 Samniti.
777 3213 1018 3275 Werke
1060 3216 1170 3276 1v.
1198 3218 1276 3279 -1.
1346 3236 1411 3298 p.
1440 3214 1561 3279 56.
1644 3214 1739 3277 Er
1782 3216 2059 3279 verwarf
2098 3220 2229 3281 also

155 3337 356 3423 jeden
383 3335 768 3416 Uebergang
794 3330 908 3395 des
925 3328 1387 3395 Unendlichen
1413 3326 1561 3393 znin
1594 3330 1965 3398 Endlichen
1996 3340 2235 3419 u.s.w.)

160 3462 389 3541 Itaque
428 3453 596 3516 finiti
635 3454 708 3515 in
737 3452 1078 3519 immotum
1109 3452 1441 3516 infinitum
1484 3469 1795 3517 externus
1844 3432 2101 3537 quidem
2144 3476 2236 3519 re-

169 3592 447 3660 gressus,
472 3590 614 3631 non
647 3588 858 3635 autem
891 3572 1060 3638 finiti
1090 3592 1172 3633 ex
1197 3593 1280 3635 eo
1308 3592 1597 3655 egressus
1626 3572 2065 3655 perspicitur.·
2108 3568 2237 3633 Sed

172 3695 246 3757 in
261 3696 412 3757 Deo
441 3692 800 3753 absolutam
829 3692 1332 3775 negativitatem,
1362 3689 1879 3774 h.e.negationis
1910 3690 2007 3750 vel
2036 3686 2241 3750 deter-

177 3810 559 3875 minationis
591 3808 1002 3891 negationem
1021 3809 1303 3891 Spinoza
1327 3810 1673 3889 concipere
1692 3805 2039 3881 debuisset,
2058 3804 2113 3867 si
2144 3826 2243 3868 ve·

179 3949 316 3991 ram
331 3926 498 3989 finiti
531 3943 596 3989 et
629 3924 1078 3988 simulinfiniti
1109 3927 1447 3985 notionem
1482 3942 1711 4002 capere
1728 3921 2051 3999 voluisset,
2068 3922 2243 4007 quod

179 4061 368 4107 antea
399 4045 654 4127 jamjam
687 4038 1112 4126 philosophus
1132 4039 1529 4101 Teutonicus
1558 4036 1817 4104 fecerat.
1860 4037 2030 4100 Actu
2065 4043 2244 4101 enim

181 4161 507 4225 infinitum
544 4160 684 4223 sine
705 4157 909 4234 finito,
933 4174 1072 4219 actu
1097 4158 1351 4219 finitum
1382 4157 1521 4219 sine
1551 4155 1811 4219 infinito
1840 4177 1977 4221 esse
1997 4156 2245 4237 nequit.
