2588 4687
976 282 1409 342 ..-7.....

358 509 893 602 CAPUT
1050 508 2012 617 SECUNDUM.

506 801 1043 886 Spinozae
1144 799 1856 888 Philosophia.

310 962 419 1020 Illa
467 959 725 1022 divinae
775 965 1167 1022 substantiae
1210 963 1550 1024 indefinita
1597 964 1846 1037 unitas,
1922 962 2214 1024 omnium

123 1079 465 1140 finitarum
514 1103 729 1140 rerum
780 1083 1067 1163 negatiO‚
1146 1098 1242 1142 est
1304 1102 1608 1163 magnum
1655 1102 1778 1139 nec
1823 1081 1974 1139 satis
2018 1079 2218 1141 admi-

121 1196 412 1258 randum
462 1197 906 1282 philosophiae
954 1199 1273 1280 Spinozae
1322 1197 1844 1258 fundamentum.
1930 1197 2216 1255 Platae-

122 1335 251 1372 rus
291 1314 848 1395 (Philosophische
892 1315 1350 1398 Aphorismen.
1411 1317 1495 1377 Ἲ.
1546 1318 1625 1378 Α.
1677 1321 1864 1381 1798.
1924 1335 1989 1394 p.
2033 1313 2214 1394 402.)

120 1431 289 1493 inde
337 1455 478 1492 earn
526 1435 719 1494 unius
768 1434 1093 1494 absolutae
1139 1434 1536 1517 substantiae
1578 1431 1924 1513 hypothesi
1975 1446 2040 1489 et
2082 1435 2213 1491 Ma·

122 1549 476 1609 terialismi
510 1549 893 1608 universalis
926 1563 988 1608 et
1020 1548 1346 1610 Dualismi
1380 1548 1839 1630 refutationem
1873 1566 2012 1606 esse
2041 1563 2214 1606 recte

118 1668 415 1728 monuit.
503 1667 792 1728 Primum
840 1685 1023 1724 nunc
1051 1662 1457 1746 inspicienda
1501 1662 1624 1740 erit
1667 1661 1858 1722 nobis
1894 1661 2214 1743 Spinozae

112 1779 515 1858 methodus3
586 1797 723 1840 tum
770 1781 905 1862 ejus
948 1777 1027 1840 de
1070 1777 1432 1840 substantia
1491 1751 1590 1838 ir‘el
1631 1777 1786 1838 Deo
1830 1792 1894 1836 et
1937 1774 2212 1858 denique

115 1897 209 1958 de
270 1917 491 1961 mente
550 1898 878 1972 doctrina,
972 1917 1133 1980 quae
1185 1898 1422 1957 iterum
1486 1917 1628 1956 eam
1675 1895 1755 1956 de
1815 1893 2210 1976 cognitione,

114 2013 225 2092 de,
241 2015 579 2080 affectibus
610 2033 675 2080 et
704 2015 785 2078 de
814 2015 1229 2080 intellectuali
1254 2016 1391 2080 Dei
1419 2035 1638 2078 amore
1683 2011 2154 2093 complectitur.

850 2204 903 2270 I.
1010 2203 1115 2270 De
1164 2203 1508 2272 Methodo.

295 2366 447 2447 Quo
504 2364 700 2450 igitur
726 2381 857 2429 tres
904 2390 941 2429 a
972 2369 1261 2432 Cartcsio
1307 2368 1666 2451 suppositas
1713 2368 2100 2431 substantias
2132 2370 2206 2453 in

115 2499 337 2547 unam*
359 2484 643 2569 Spinoza
672 2484 949 2547 omnino
991 2486 1336 2562 contraxit,
1380 2502 1479 2551 est
1520 2486 1710 2545 notio
1739 2486 1974 2573 finiti.
2054 2488 2207 2545 Om-

114 2604 233 2661 nis
290 2598 777 2661 determinatio
829 2616 939 2661 ‚esc
993 2604 1271 2683 negatio
1285 2644 1310 2675 ‚
1386 2602 1548 2665 haec
1604 2621 1704 2667 est
1763 2576 2044 2683 simpleat
2097 2602 2206 2665 illa

116 2718 527 2804 propositio,
572 2740 734 2803 quae
776 2742 897 2803 pro
944 2722 1308 2789 materiali
1349 2720 1796 2803 philosophiae
1841 2723 1974 2801 ejus
2020 2719 2203 2798 prin·

114 2837 291 2920 cipio
337 2834 789 2917 cognoscenda
834 2854 951 2905 est.
1018 2836 1263 2923 (Hegel
1310 2837 1784 2901 wissenschaft
1823 2837 1936 2899 der
1980 2836 2201 2917 Logik.

112 2953 234 3023 Bd.
276 2958 355 3017 11.
399 2978 461 3038 p.
506 2957 695 3034 225.)

748 3102 797 3154 1.
867 3099 1219 3170 Principium
1266 3094 1580 3148 materiale.

294 3198 437 3277 „Ea
481 3218 585 3263 res
632 3196 870 3260 dicitur
913 3196 987 3257 in
1030 3216 1145 3257 suo
1174 3215 1412 3279 genere
1449 3196 1652 3273 finita,
1697 3216 1862 3282 quae
1889 3193 2004 3257 alia
2035 3200 2204 3279 ejus-

26 3355 33 3367 ·
114 3322 271 3387 dem
314 3333 591 3379 naturae
648 3312 990 3377 terminari
1045 3331 1273 3396 potest.
1361 3315 1488 3379 Ex.
1532 3337 1624 3401 gr.
1685 3338 1916 3401 corpus
1961 3317 2198 3381 dicitur

116 3440 417 3509 finitum,
462 3432 609 3515 quia
654 3430 827 3493 aliud
868 3452 1128 3516 semper
1172 3433 1378 3519 majus
1421 3434 1854 3519 concipimus,
1941 3436 2049 3531 Sic
2091 3458 2197 3497 co·

122 3557 347 3643 gitatin
394 3555 513 3615 alia
556 3553 948 3637 cogitatione
988 3554 1395 3625 terminatur.
1479 3553 1573 3618 At
1617 3577 1854 3637 corpus
1911 3576 2052 3617 non
2094 3560 2200 3616 de-

126 3674 509 3738 terminatur
554 3670 977 3755 cogitatione,
1050 3693 1176 3733 nec
1224 3672 1530 3755 cogitatio
1594 3673 1930 3755 corpore.“
2015 3670 2196 3750 (Eth.

122 3796 187 3857 P.
216 3797 264 3855 Ι.
306 3796 399 3857 D.
429 3796 545 3873 11.)
638 3791 823 3869 Quod
884 3790 1077 3873 igitur
1134 3788 1670 3864 determinatum,
1715 3785 1780 3845 id
1825 3808 2082 3873 quoque
2128 3788 2196 3848 5·

124 3911 329 3972 nitum
378 3926 493 3971 est.
584 3906 707 3968 Sed
755 3907 827 3967 in
876 3909 987 3967 suia
1030 3902 1197 3964 finiti
1246 3902 1624 3965 delinitione
1671 3904 1952 3981 Spinoza
1998 3906 2192 3967 finem

126 4029 199 4090 in
240 4029 363 4089 alio
407 4046 667 4107 semper
710 4020 967 4105 posuit,
1049 4016 1219 4101 quod
1279 4019 1354 4078 in
1413 4038 1479 4079 se
1524 4034 1876 4099 spectatum
1922 4024 2196 4105 positive

134 4150 291 4211 alius
328 4147 680 4217 terminus,
728 4138 897 4202 unde
942 4137 1306 4201 necessario
1349 4135 1423 4199 in
1461 4135 1786 4200 infinitum
1822 4158 2196 4221 progressus
