2588 4687
269 907 278 916 ’
371 908 842 974 determinetur
887 912 1009 973 alia
1054 931 1282 982 causa,
1331 933 1491 996 quae
1536 911 1729 974 etiam
1775 909 1955 970 finita
1998 925 2096 970 est
2138 923 2205 968 et
2246 904 2482 966 deter-

1185 281 1621 340 *8.-

371 443 598 518 oritur,
643 441 752 524 qui
797 464 1132 526 nunquam
1178 443 1250 506 in
1300 464 1371 518 ‚se
1416 441 1599 506 redit.
1688 438 2186 529 „Quodcunque
2232 434 2485 516 singu·
2565 479 2566 482 η

369 562 534 635 lare,
579 561 714 622 sive
761 562 1019 644 quaevis
1065 581 1205 638 res,
1264 581 1427 645 quae
1469 560 1656 621 finita
1700 576 1795 621 est
1838 574 1904 619 et
1948 553 2488 620 determinatam

368 676 562 736 habet
604 676 1086 753 exsistentiam,
1145 698 1290 738 non
1332 692 1547 760 potest
1590 675 1939 749 exsistere,
2002 693 2129 736 nec
2172 668 2254 730 ad
2306 687 2487 751 ope·
2565 665 2566 734 Ῑ

367 789 648 853 randum
682 773 1120 870 determinari,
1165 794 1292 856 nisi
1346 792 1424 854 ad
1455 790 1899 856 exsistentium
1942 807 2007 854 et
2050 786 2483 874 operandum
2565 873 2566 880 ἵ

371 1025 690 1089 minatam
729 1027 923 1090 habet
967 1029 1452 1092 exsistentiam:
1499 1045 1563 1090 et
1604 1047 1823 1090 rursus
1869 1027 2030 1088 haec
2074 1046 2264 1088 causa
2313 1046 2480 1087 non

373 1162 591 1230 potest
633 1145 827 1206 etiam
873 1146 1218 1223 exsistere,
1313 1167 1529 1230 neque
1573 1144 1653 1206 ad
1698 1142 2100 1228 operandum
2144 1141 2483 1204 determi-

373 1263 555 1339 nari,
608 1264 735 1324 nisi
781 1267 858 1324 ab
903 1265 1057 1340 alia,
1131 1285 1292 1348 quae
1338 1264 1529 1326 etiam
1577 1261 1757 1323 finita
1800 1279 1900 1324 est
1944 1277 2009 1322 et
2052 1257 2475 1321 determine—

377 1396 483 1442 tur
527 1377 606 1441 ad
651 1379 1097 1442 exsistendum
1144 1397 1206 1441 et
1251 1379 1653 1460 operandum
1700 1395 1765 1438 et
1808 1377 1903 1440 sic
1945 1377 2017 1437 in
2059 1375 2473 1444 infinitum,“

381 1496 571 1577 (Eth.
619 1499 684 1560 P.
713 1499 765 1564 1.
805 1500 990 1581 Prop.
1021 1498 1334 1576 XXVIII.)
1408 1489 1417 1498 ’

547 1685 999 1750 Determinari
1045 1709 1198 1748 vero
1243 1687 1342 1748 vel
1386 1686 1556 1746 finiri
1602 1683 1667 1744 id
1696 1698 1948 1744 tantum
1992 1695 2231 1764 potest,
2276 1673 2471 1758 quod

378 1821 520 1862 non
561 1805 856 1864 absoluta
898 1775 1216 1864 essentiae
1257 1819 1325 1864 et
1354 1802 1771 1865 exsistentiae
1812 1798 2029 1860 unitas
2059 1809 2290 1858 exstat.
2378 1795 2467 1854 In

377 1915 500 1977 hac
527 1916 705 1976 enim
749 1917 993 1976 unitate
1023 1916 1181 1998 (nisi
1226 1918 1305 1977 ab
1335 1917 1472 1996 ipsa
1498 1914 1802 2000 procedat
1821 1958 1840 1990 ,
1881 1934 2007 1996 quo
2036 1911 2188 1973 vitio
2220 1931 2465 1994 nempe

377 2032 663 2115 Spinoza
690 2030 964 2110 laborat)
981 2031 1433 2094 determinatio
1465 2054 1603 2096 esse
1630 2031 1879 2115 nequit.
1922 2031 2143 2112 Itaque
2173 2029 2257 2105 id,
2282 2027 2466 2112 quod

377 2145 871 2209 determininari
899 2165 1136 2232 potest,
1178 2149 1371 2224 aliud,
1421 2173 1455 2211 a
1490 2173 1613 2232 quo
1643 2147 1889 2220 finitur,
1940 2147 2303 2231 oppositum
2332 2148 2463 2209 sibi

374 2264 601 2346 habet3
629 2265 1068 2332 determinans
1091 2287 1303 2332 autem
1332 2285 1515 2332 extra
1532 2268 2030 2330 determinatum
2062 2281 2159 2326 est
2186 2281 2249 2325 et
2274 2279 2467 2326 extra
2550 2319 2556 2327 .

374 2382 502 2443 hoc
531 2385 931 2467 concipitur,
975 2386 1150 2447 unde
1195 2408 1393 2447 omne
1430 2387 1846 2469 negationem
1890 2383 2265 2459 involvens,
2305 2382 2467 2444 fini-

377 2518 541 2577 tum,
575 2506 652 2563 ,at'
675 2506 921 2567 nullam
952 2503 1365 2587 negationem
1393 2504 1755 2577 involvens,
1787 2502 2115 2563 infinitum
2146 2520 2308 2575 esse,
2336 2501 2461 2560 cla·

377 2638 452 2677 re
481 2618 785 2699 sequitur.
843 2623 1009 2682 Cum
1038 2640 1188 2701 ergo
1218 2641 1320 2683 res
1350 2618 1571 2680 finitae
1600 2618 2144 2679 determinatione
2172 2616 2459 2679 invicem

379 2752 449 2795 se
493 2752 770 2817 negant,
837 2734 907 2795 id
953 2739 1197 2811 solum,
1274 2736 1447 2821 quod
1492 2734 1912 2798 determinari
1956 2737 2054 2797 vel
2100 2734 2272 2796 finiri
2313 2752 2460 2795 non

379 2866 637 2934 potest,
717 2865 878 2911 actu
922 2853 1264 2933 infinitum
1310 2871 1429 2915 est.
1524 2856 1767 2915 Contra
1808 2853 1952 2929 ille,
2035 2876 2227 2937 quem
2270 2868 2461 2913 antea

381 2967 886 3053 conspeximus,
927 2970 1001 3031 in
1044 2969 1377 3033 infinitum
1420 2989 1826 3052 progressus,
1868 2990 2010 3031 non
2056 2988 2199 3033 actu
2241 2967 2462 3029 infini-

379 3100 521 3147 tum
563 3102 682 3154 est.
767 3089 843 3149 In
909 3088 1178 3173 epistola
1229 3078 1456 3155 XXIX.
1514 3085 1655 3165 (ed.
1712 3086 1913 3149 Pauli.
1974 3090 2054 3149 T.
2090 3090 2140 3154 Ι.
2192 3112 2257 3171 p.
2296 3087 2447 3153 528.

383 3203 510 3267 530
545 3205 712 3286 seq.)
759 3222 898 3267 actu
939 3208 1180 3268 infiniti
1213 3207 1566 3289 imaginem
1598 3202 1930 3289 proponit,
1974 3204 2285 3265 circulum
2325 3222 2452 3264 ma-

380 3318 502 3401 jori
529 3318 769 3378 circulo
797 3313 1156 3396 inclusum,
1197 3322 1325 3396 ita,
1368 3338 1476 3395 ut,
1519 3319 1774 3383 circulis
1821 3342 1856 3381 e
1902 3318 2171 3383 diversis
2216 3317 2451 3383 centris

381 3432 754 3517 descriptis,
807 3432 1144 3515 inaequale
1186 3436 1365 3495 inter
1406 3437 1743 3495 amborum
1792 3437 2131 3499 circuitum
2180 3438 2452 3523 spatium

381 3551 688 3625 exsistat,
733 3546 929 3631 quod,
977 3570 1124 3609 cum
1155 3568 1299 3611 nec*
1326 3548 1589 3610 initium
1636 3572 1763 3611 nec
1792 3552 1943 3614 finis
1990 3552 2209 3615 finitae
2250 3552 2453 3613 deter-

378 3668 760 3733 minationis
821 3665 1034 3734 adsit,
1105 3682 1249 3726 actu
1308 3666 1639 3729 infinitum
1698 3690 1837 3731 esse
1896 3644 2147 3739 debeat.
2248 3672 2449 3750 Quam

379 3808 520 3847 rem
561 3789 635 3846 in
673 3784 948 3867 epistola
973 3783 1134 3844 Lxx
1179 3784 1278 3865 (p.
1304 3783 1469 3865 678)
1513 3783 1639 3845 hoc
1684 3784 1881 3849 modo
1928 3787 2244 3871 explicat:
2288 3784 2450 3871 quod

379 3906 453 3963 in
499 3902 762 3984 epistola
823 3900 904 3963 de
959 3900 1234 3965 Infinito
1277 3900 1459 3979 dixi,
1526 3899 1697 3987 quod
1744 3901 2023 3993 partium
2070 3903 2451 3967 infinitatem

381 4042 464 4103 ext
493 4040 710 4079 earum
745 4020 1158 4081 multitudine
1191 4040 1335 4082 non
1372 4018 1783 4096 concludant,
1824 4018 1983 4081 hine
2012 4038 2221 4104 patet:
2266 4018 2449 4103 quod,

387 4124 466 4199 ‘i'
484 4158 568 4199 ex·
609 4156 826 4197 earum
873 4135 1301 4198 multitudine
1350 4138 1875 4213 concluderetur,
1936 4158 2079 4200 non
2122 4156 2452 4222 possemus
