<?xml version="1.0" encoding="UTF-8"?>
<!DOCTYPE html PUBLIC "-//W3C//DTD XHTML 1.0 Transitional//EN"
    "http://www.w3.org/TR/xhtml1/DTD/xhtml1-transitional.dtd">
<html xmlns="http://www.w3.org/1999/xhtml" xml:lang="en" lang="en">
 <head>
  <title>
</title>
<meta http-equiv="Content-Type" content="text/html;charset=utf-8" />
  <meta name='ocr-system' content='tesseract 3.04.00' />
  <meta name='ocr-capabilities' content='ocr_page ocr_carea ocr_par ocr_line ocrx_word'/>
</head>
<body>
  <div class='ocr_page' id='page_1' title='image "./despinozaephilo00rosegoog_0034.png"; bbox 0 0 2588 4687; ppageno 0'>
   <div class='ocr_carea' id='block_1_1' title="bbox 346 273 2572 2759">
    <p class='ocr_par' dir='ltr' id='par_1_1' title="bbox 346 273 2572 2759">
     <span class='ocr_line' id='line_1_1' title="bbox 1183 273 1664 338; baseline 0 -18"><span class='ocrx_word' id='word_1_1' title='bbox 1183 308 1296 320; x_wconf 81' lang='grc'><strong>-</strong></span> <span class='ocrx_word' id='word_1_2' title='bbox 1385 273 1463 338; x_wconf 79' lang='lat'><strong>24</strong></span> <span class='ocrx_word' id='word_1_3' title='bbox 1551 305 1664 320; x_wconf 79' lang='grc'><strong>..-</strong></span> 
     </span>
     <span class='ocr_line' id='line_1_2' title="bbox 402 435 2487 526; baseline -0.004 -20"><span class='ocrx_word' id='word_1_4' title='bbox 402 443 677 526; x_wconf 84' lang='lat' dir='ltr'><strong>demque</strong></span> <span class='ocrx_word' id='word_1_5' title='bbox 718 458 860 504; x_wconf 83' lang='lat' dir='ltr'><strong>actu</strong></span> <span class='ocrx_word' id='word_1_6' title='bbox 902 441 1193 504; x_wconf 77' lang='lat' dir='ltr'>realitate</span> <span class='ocrx_word' id='word_1_7' title='bbox 1236 455 1521 514; x_wconf 80' lang='lat' dir='ltr'><strong>careret,</strong></span> <span class='ocrx_word' id='word_1_8' title='bbox 1564 455 1700 500; x_wconf 86' lang='lat' dir='ltr'><strong>tum</strong></span> <span class='ocrx_word' id='word_1_9' title='bbox 1731 437 1874 500; x_wconf 88' lang='lat' dir='ltr'><strong>sine</strong></span> <span class='ocrx_word' id='word_1_10' title='bbox 1899 435 2096 499; x_wconf 84' lang='lat' dir='ltr'><strong>dubio</strong></span> <span class='ocrx_word' id='word_1_11' title='bbox 2141 437 2487 520; x_wconf 82' lang='lat' dir='ltr'><strong>cogitandi</strong></span> 
     </span>
     <span class='ocr_line' id='line_1_3' title="bbox 402 538 2492 638; baseline -0.004 -15"><span class='ocrx_word' id='word_1_12' title='bbox 402 579 465 623; x_wconf 86' lang='lat' dir='ltr'><strong>et</strong></span> <span class='ocrx_word' id='word_1_13' title='bbox 512 538 867 622; x_wconf 82' lang='lat' dir='ltr'><strong>exsistendi</strong></span> <span class='ocrx_word' id='word_1_14' title='bbox 911 557 1277 622; x_wconf 79' lang='lat' dir='ltr'><strong>differentia</strong></span> <span class='ocrx_word' id='word_1_15' title='bbox 1323 557 1396 618; x_wconf 88' lang='lat' dir='ltr'><strong>in</strong></span> <span class='ocrx_word' id='word_1_16' title='bbox 1435 558 1588 620; x_wconf 87' lang='lat' dir='ltr'><strong>Deo</strong></span> <span class='ocrx_word' id='word_1_17' title='bbox 1631 571 1942 632; x_wconf 81' lang='lat' dir='ltr'><strong>exstaret,</strong></span> <span class='ocrx_word' id='word_1_18' title='bbox 1983 577 2148 638; x_wconf 87' lang='lat' dir='ltr'><strong>quae</strong></span> <span class='ocrx_word' id='word_1_19' title='bbox 2187 575 2335 618; x_wconf 80' lang='lat' dir='ltr'><strong>non</strong></span> <span class='ocrx_word' id='word_1_20' title='bbox 2373 555 2492 616; x_wconf 84' lang='lat' dir='ltr'><strong>ni-</strong></span> 
     </span>
     <span class='ocr_line' id='line_1_4' title="bbox 404 673 2487 740; baseline -0.004 0"><span class='ocrx_word' id='word_1_21' title='bbox 404 679 469 740; x_wconf 76' lang='lat' dir='ltr'><strong>si.</strong></span> <span class='ocrx_word' id='word_1_22' title='bbox 518 677 587 738; x_wconf 81' lang='lat' dir='ltr'><strong>in</strong></span> <span class='ocrx_word' id='word_1_23' title='bbox 647 677 831 738; x_wconf 85' lang='lat' dir='ltr'><strong>finita</strong></span> <span class='ocrx_word' id='word_1_24' title='bbox 904 677 1356 740; x_wconf 79' lang='lat' dir='ltr'><strong>attributorum</strong></span> <span class='ocrx_word' id='word_1_25' title='bbox 1417 674 1898 738; x_wconf 83' lang='lat' dir='ltr'><strong>modificatione</strong></span> <span class='ocrx_word' id='word_1_26' title='bbox 1965 676 2180 734; x_wconf 84' lang='lat' dir='ltr'><strong>locum</strong></span> <span class='ocrx_word' id='word_1_27' title='bbox 2249 673 2487 740; x_wconf 77' lang='lat' dir='ltr'><strong>habet,</strong></span> 
     </span>
     <span class='ocr_line' id='line_1_5' title="bbox 403 791 2571 878; baseline -0.004 -19"><span class='ocrx_word' id='word_1_28' title='bbox 403 794 583 859; x_wconf 85' lang='lat' dir='ltr'><strong>unde</strong></span> <span class='ocrx_word' id='word_1_29' title='bbox 621 794 759 860; x_wconf 88' lang='lat' dir='ltr'><strong>Dei</strong></span> <span class='ocrx_word' id='word_1_30' title='bbox 806 793 1027 856; x_wconf 83' lang='lat' dir='ltr'><strong>omnia</strong></span> <span class='ocrx_word' id='word_1_31' title='bbox 1070 791 1570 878; x_wconf 76' lang='lat' dir='ltr'><strong>perspicientem</strong></span> <span class='ocrx_word' id='word_1_32' title='bbox 1614 792 2016 854; x_wconf 79' lang='lat' dir='ltr'><strong>intellectum</strong></span> <span class='ocrx_word' id='word_1_33' title='bbox 2061 812 2097 853; x_wconf 86' lang='lat' dir='ltr'><strong>a</strong></span> <span class='ocrx_word' id='word_1_34' title='bbox 2137 791 2485 854; x_wconf 76' lang='lat' dir='ltr'><strong>voluntate</strong></span> <span class='ocrx_word' id='word_1_35' title='bbox 2570 835 2571 840; x_wconf 19' lang='grc' dir='ltr'>η</span> 
     </span>
     <span class='ocr_line' id='line_1_6' title="bbox 346 908 2492 992; baseline -0.004 -14"><span class='ocrx_word' id='word_1_36' title='bbox 346 969 353 978; x_wconf 93' lang='grc'><strong>.</strong></span> <span class='ocrx_word' id='word_1_37' title='bbox 404 932 547 974; x_wconf 81' lang='lat' dir='ltr'><strong>:non</strong></span> <span class='ocrx_word' id='word_1_38' title='bbox 580 912 710 975; x_wconf 84' lang='lat' dir='ltr'><strong>nisi</strong></span> <span class='ocrx_word' id='word_1_39' title='bbox 742 911 817 974; x_wconf 84' lang='lat' dir='ltr'><strong>in</strong></span> <span class='ocrx_word' id='word_1_40' title='bbox 846 912 1183 974; x_wconf 75' lang='lat' dir='ltr'><strong>intellectu</strong></span> <span class='ocrx_word' id='word_1_41' title='bbox 1210 927 1444 974; x_wconf 81' lang='lat' dir='ltr'><strong>nostro</strong></span> <span class='ocrx_word' id='word_1_42' title='bbox 1473 909 1740 974; x_wconf 81' lang='lat' dir='ltr'><strong>differre</strong></span> <span class='ocrx_word' id='word_1_43' title='bbox 1767 909 2068 992; x_wconf 85' lang='lat' dir='ltr'><strong>sequitur.</strong></span> <span class='ocrx_word' id='word_1_44' title='bbox 2155 908 2492 969; x_wconf 71' lang='lat' dir='ltr'><strong>Etmulto·</strong></span> 
     </span>
     <span class='ocr_line' id='line_1_7' title="bbox 404 1027 2483 1114; baseline -0.001 -24"><span class='ocrx_word' id='word_1_45' title='bbox 404 1029 627 1104; x_wconf 76' lang='lat' dir='ltr'><strong>minus</strong></span> <span class='ocrx_word' id='word_1_46' title='bbox 669 1028 742 1091; x_wconf 89' lang='lat' dir='ltr'><strong>in</strong></span> <span class='ocrx_word' id='word_1_47' title='bbox 776 1032 931 1094; x_wconf 87' lang='lat' dir='ltr'><strong>Deo</strong></span> <span class='ocrx_word' id='word_1_48' title='bbox 974 1031 1269 1093; x_wconf 76' lang='lat' dir='ltr'><strong>voluntas</strong></span> <span class='ocrx_word' id='word_1_49' title='bbox 1311 1050 1348 1090; x_wconf 91' lang='lat' dir='ltr'><strong>a</strong></span> <span class='ocrx_word' id='word_1_50' title='bbox 1390 1028 1682 1114; x_wconf 82' lang='lat' dir='ltr'><strong>potentia</strong></span> <span class='ocrx_word' id='word_1_51' title='bbox 1726 1043 1791 1088; x_wconf 85' lang='lat' dir='ltr'><strong>et</strong></span> <span class='ocrx_word' id='word_1_52' title='bbox 1831 1027 2124 1110; x_wconf 86' lang='lat' dir='ltr'><strong>potentia</strong></span> <span class='ocrx_word' id='word_1_53' title='bbox 2165 1043 2242 1087; x_wconf 86' lang='lat' dir='ltr'><strong>ut</strong></span> <span class='ocrx_word' id='word_1_54' title='bbox 2282 1047 2483 1089; x_wconf 80' lang='lat' dir='ltr'><strong>eausa</strong></span> 
     </span>
     <span class='ocr_line' id='line_1_8' title="bbox 408 1123 2516 1228; baseline -0.002 -20"><span class='ocrx_word' id='word_1_55' title='bbox 408 1149 491 1209; x_wconf 82' lang='lat' dir='ltr'><strong>ab</strong></span> <span class='ocrx_word' id='word_1_56' title='bbox 534 1146 775 1212; x_wconf 81' lang='lat' dir='ltr'><strong>effectu</strong></span> <span class='ocrx_word' id='word_1_57' title='bbox 830 1146 1073 1212; x_wconf 79' lang='lat' dir='ltr'><strong>differt.</strong></span> <span class='ocrx_word' id='word_1_58' title='bbox 1166 1148 1370 1225; x_wconf 83' lang='lat' dir='ltr'><strong>Nam,</strong></span> <span class='ocrx_word' id='word_1_59' title='bbox 1436 1167 1586 1208; x_wconf 84' lang='lat' dir='ltr'><strong>oum</strong></span> <span class='ocrx_word' id='word_1_60' title='bbox 1640 1145 1828 1208; x_wconf 92' lang='lat' dir='ltr'><strong>Deus</strong></span> <span class='ocrx_word' id='word_1_61' title='bbox 1886 1165 2226 1228; x_wconf 84' lang='lat' dir='ltr'><strong>nunquam</strong></span> <span class='ocrx_word' id='word_1_62' title='bbox 2271 1123 2516 1205; x_wconf 54' lang='lat' dir='ltr'><strong>finem⁴</strong></span> 
     </span>
     <span class='ocr_line' id='line_1_9' title="bbox 407 1240 2478 1348; baseline -0.002 -21"><span class='ocrx_word' id='word_1_63' title='bbox 407 1263 532 1327; x_wconf 86' lang='lat' dir='ltr'><strong>sibi</strong></span> <span class='ocrx_word' id='word_1_64' title='bbox 564 1240 885 1348; x_wconf 80' lang='lat' dir='ltr'><strong>proponat</strong></span> <span class='ocrx_word' id='word_1_65' title='bbox 928 1265 1043 1333; x_wconf 78' lang='lat' dir='ltr'><strong>sed</strong></span> <span class='ocrx_word' id='word_1_66' title='bbox 1082 1287 1168 1330; x_wconf 79' lang='lat' dir='ltr'><strong>ex</strong></span> <span class='ocrx_word' id='word_1_67' title='bbox 1208 1265 1602 1328; x_wconf 77' lang='lat' dir='ltr'><strong>nenessitate</strong></span> <span class='ocrx_word' id='word_1_68' title='bbox 1645 1279 1916 1326; x_wconf 82' lang='lat' dir='ltr'><strong>naturae</strong></span> <span class='ocrx_word' id='word_1_69' title='bbox 1961 1283 2115 1324; x_wconf 81' lang='lat' dir='ltr'><strong>suae</strong></span> <span class='ocrx_word' id='word_1_70' title='bbox 2157 1278 2338 1346; x_wconf 79' lang='lat' dir='ltr'><strong>agat,</strong></span> <span class='ocrx_word' id='word_1_71' title='bbox 2387 1261 2478 1322; x_wconf 80' lang='lat' dir='ltr'><strong>di-</strong></span> 
     </span>
     <span class='ocr_line' id='line_1_10' title="bbox 409 1349 2571 1467; baseline -0.002 -23"><span class='ocrx_word' id='word_1_72' title='bbox 409 1382 565 1456; x_wconf 66' lang='lat' dir='ltr'><strong>vina</strong></span> <span class='ocrx_word' id='word_1_73' title='bbox 606 1383 903 1448; x_wconf 78' lang='lat' dir='ltr'><strong>voluntas</strong></span> <span class='ocrx_word' id='word_1_74' title='bbox 946 1381 1029 1446; x_wconf 80' lang='lat' dir='ltr'><strong>ad</strong></span> <span class='ocrx_word' id='word_1_75' title='bbox 1070 1381 1696 1467; x_wconf 77' lang='lat' dir='ltr'><strong>operandum-nullo</strong></span> <span class='ocrx_word' id='word_1_76' title='bbox 1739 1397 2012 1445; x_wconf 76' lang='lat' dir='ltr'><strong>externo</strong></span> <span class='ocrx_word' id='word_1_77' title='bbox 2055 1380 2278 1444; x_wconf 82' lang='lat' dir='ltr'><strong>medio</strong></span> <span class='ocrx_word' id='word_1_78' title='bbox 2315 1379 2480 1441; x_wconf 81' lang='lat' dir='ltr'><strong>indi·</strong></span> <span class='ocrx_word' id='word_1_79' title='bbox 2569 1349 2571 1366; x_wconf 17' lang='grc' dir='ltr'>ἲ</span> 
     </span>
     <span class='ocr_line' id='line_1_11' title="bbox 410 1481 2479 1585; baseline -0.003 -19"><span class='ocrx_word' id='word_1_80' title='bbox 410 1516 539 1584; x_wconf 66' lang='lat' dir='ltr'><strong>get-</strong></span> <span class='ocrx_word' id='word_1_81' title='bbox 626 1501 693 1566; x_wconf 81' lang='lat' dir='ltr'><strong>si</strong></span> <span class='ocrx_word' id='word_1_82' title='bbox 732 1503 912 1564; x_wconf 84' lang='lat' dir='ltr'><strong>enim</strong></span> <span class='ocrx_word' id='word_1_83' title='bbox 956 1501 1039 1564; x_wconf 81' lang='lat' dir='ltr'><strong>ad</strong></span> <span class='ocrx_word' id='word_1_84' title='bbox 1086 1516 1346 1585; x_wconf 80' lang='lat' dir='ltr'><strong>captum</strong></span> <span class='ocrx_word' id='word_1_85' title='bbox 1391 1481 1752 1562; x_wconf 59' lang='lat' dir='ltr'><strong>huni-anum</strong></span> <span class='ocrx_word' id='word_1_86' title='bbox 1785 1496 1880 1559; x_wconf 62' lang='lat' dir='ltr'><strong>»de</strong></span> <span class='ocrx_word' id='word_1_87' title='bbox 1919 1497 2479 1562; x_wconf 75' lang='lat' dir='ltr'><strong>divinis-decretis</strong></span> 
     </span>
     <span class='ocr_line' id='line_1_12' title="bbox 408 1606 2480 1699; baseline -0.002 -18"><span class='ocrx_word' id='word_1_88' title='bbox 408 1616 772 1698; x_wconf 78' lang='lat' dir='ltr'><strong>loquimur,</strong></span> <span class='ocrx_word' id='word_1_89' title='bbox 832 1621 999 1682; x_wconf 82' lang='lat' dir='ltr'><strong>hene</strong></span> <span class='ocrx_word' id='word_1_90' title='bbox 1040 1606 1694 1682; x_wconf 76' lang='lat' dir='ltr'><strong>animadvertendum</strong></span> <span class='ocrx_word' id='word_1_91' title='bbox 1737 1613 2171 1690; x_wconf 82' lang='lat' dir='ltr'><strong>est,.decreta</strong></span> <span class='ocrx_word' id='word_1_92' title='bbox 2217 1635 2480 1699; x_wconf 81' lang='lat' dir='ltr'><strong>semper</strong></span> 
     </span>
     <span class='ocr_line' id='line_1_13' title="bbox 410 1732 2572 1820; baseline -0.001 -20"><span class='ocrx_word' id='word_1_93' title='bbox 410 1735 669 1816; x_wconf 71' lang='lat' dir='ltr'><strong>expleta</strong></span> <span class='ocrx_word' id='word_1_94' title='bbox 708 1757 966 1820; x_wconf 85' lang='lat' dir='ltr'><strong>quoque</strong></span> <span class='ocrx_word' id='word_1_95' title='bbox 1007 1756 1170 1802; x_wconf 84' lang='lat' dir='ltr'><strong>esse.</strong></span> <span class='ocrx_word' id='word_1_96' title='bbox 1256 1737 1576 1801; x_wconf 73' lang='lat' dir='ltr'><strong>Voluntas</strong></span> <span class='ocrx_word' id='word_1_97' title='bbox 1617 1733 1753 1796; x_wconf 70' lang='lat' dir='ltr'><strong>Dei</strong></span> <span class='ocrx_word' id='word_1_98' title='bbox 1793 1749 1894 1796; x_wconf 82' lang='lat' dir='ltr'><strong>est.</strong></span> <span class='ocrx_word' id='word_1_99' title='bbox 1933 1732 2036 1796; x_wconf 76' lang='lat' dir='ltr'><strong>vis</strong></span> <span class='ocrx_word' id='word_1_100' title='bbox 2083 1753 2160 1793; x_wconf 81' lang='lat' dir='ltr'><strong>ae</strong></span> <span class='ocrx_word' id='word_1_101' title='bbox 2203 1733 2298 1794; x_wconf 81' lang='lat' dir='ltr'><strong>vis</strong></span> <span class='ocrx_word' id='word_1_102' title='bbox 2341 1734 2477 1816; x_wconf 80' lang='lat' dir='ltr'><strong>ejus</strong></span> <span class='ocrx_word' id='word_1_103' title='bbox 2567 1757 2572 1798; x_wconf 80' lang='lat'>1</span> 
     </span>
     <span class='ocr_line' id='line_1_14' title="bbox 410 1849 2572 1934; baseline 0 -22"><span class='ocrx_word' id='word_1_104' title='bbox 410 1854 485 1914; x_wconf 85' lang='lat' dir='ltr'><strong>in</strong></span> <span class='ocrx_word' id='word_1_105' title='bbox 529 1853 878 1934; x_wconf 78' lang='lat' dir='ltr'><strong>conjuncta</strong></span> <span class='ocrx_word' id='word_1_106' title='bbox 938 1853 1314 1934; x_wconf 76' lang='lat' dir='ltr'><strong>operatione</strong></span> <span class='ocrx_word' id='word_1_107' title='bbox 1373 1868 1636 1914; x_wconf 83' lang='lat' dir='ltr'><strong>aeterna</strong></span> <span class='ocrx_word' id='word_1_108' title='bbox 1691 1866 1760 1914; x_wconf 86' lang='lat' dir='ltr'><strong>et</strong></span> <span class='ocrx_word' id='word_1_109' title='bbox 1809 1849 2108 1933; x_wconf 80' lang='lat' dir='ltr'><strong>genetrix</strong></span> <span class='ocrx_word' id='word_1_110' title='bbox 2163 1865 2478 1933; x_wconf 79' lang='lat' dir='ltr'><strong>potestas,</strong></span> <span class='ocrx_word' id='word_1_111' title='bbox 2567 1883 2572 1916; x_wconf 65' lang='lat'>3</span> 
     </span>
     <span class='ocr_line' id='line_1_15' title="bbox 412 1968 2571 2052; baseline 0.002 -22"><span class='ocrx_word' id='word_1_112' title='bbox 412 1990 577 2052; x_wconf 85' lang='lat' dir='ltr'><strong>quae</strong></span> <span class='ocrx_word' id='word_1_113' title='bbox 621 1971 907 2032; x_wconf 86' lang='lat' dir='ltr'><strong>absolute</strong></span> <span class='ocrx_word' id='word_1_114' title='bbox 950 1990 1142 2032; x_wconf 83' lang='lat' dir='ltr'><strong>eausa</strong></span> <span class='ocrx_word' id='word_1_115' title='bbox 1174 1971 1291 2034; x_wconf 86' lang='lat' dir='ltr'><strong>sui.</strong></span> <span class='ocrx_word' id='word_1_116' title='bbox 1337 1969 1643 2052; x_wconf 83' lang='lat' dir='ltr'><strong>(Cogitat.</strong></span> <span class='ocrx_word' id='word_1_117' title='bbox 1687 1968 1970 2052; x_wconf 85' lang='lat' dir='ltr'><strong>Metaph.</strong></span> <span class='ocrx_word' id='word_1_118' title='bbox 2013 1971 2082 2032; x_wconf 88' lang='lat' dir='ltr'><strong>P.</strong></span> <span class='ocrx_word' id='word_1_119' title='bbox 2127 1969 2208 2034; x_wconf 86' lang='grc' dir='ltr'><strong>Π.</strong></span> <span class='ocrx_word' id='word_1_120' title='bbox 2255 1971 2332 2034; x_wconf 83' lang='lat' dir='ltr'><strong>C.</strong></span> <span class='ocrx_word' id='word_1_121' title='bbox 2365 1970 2477 2032; x_wconf 83' lang='lat' dir='ltr'><strong>vll</strong></span> <span class='ocrx_word' id='word_1_122' title='bbox 2569 2001 2571 2031; x_wconf 93' lang='lat'>:</span> 
     </span>
     <span class='ocr_line' id='line_1_16' title="bbox 412 2085 2571 2170; baseline -0.001 -22"><span class='ocrx_word' id='word_1_123' title='bbox 412 2088 617 2148; x_wconf 87' lang='lat' dir='ltr'>-1x.</span> <span class='ocrx_word' id='word_1_124' title='bbox 664 2101 729 2158; x_wconf 76' lang='lat' dir='ltr'><strong>et</strong></span> <span class='ocrx_word' id='word_1_125' title='bbox 772 2086 1145 2170; x_wconf 79' lang='lat' dir='ltr'><strong>saepissime</strong></span> <span class='ocrx_word' id='word_1_126' title='bbox 1188 2087 1262 2148; x_wconf 87' lang='lat' dir='ltr'><strong>in</strong></span> <span class='ocrx_word' id='word_1_127' title='bbox 1305 2085 1560 2166; x_wconf 79' lang='lat' dir='ltr'><strong>literiS.)</strong></span> <span class='ocrx_word' id='word_1_128' title='bbox 1642 2087 1832 2150; x_wconf 86' lang='lat' dir='ltr'><strong>Deus</strong></span> <span class='ocrx_word' id='word_1_129' title='bbox 1887 2085 2092 2168; x_wconf 82' lang='lat' dir='ltr'><strong>igitur.</strong></span> <span class='ocrx_word' id='word_1_130' title='bbox 2124 2085 2350 2165; x_wconf 83' lang='lat' dir='ltr'><strong>aliter,</strong></span> <span class='ocrx_word' id='word_1_131' title='bbox 2409 2107 2480 2146; x_wconf 82' lang='lat' dir='ltr'><strong>ae</strong></span> <span class='ocrx_word' id='word_1_132' title='bbox 2570 2119 2571 2153; x_wconf 55' lang='lat'><em>2</em></span> 
     </span>
     <span class='ocr_line' id='line_1_17' title="bbox 413 2203 2571 2290; baseline 0 -25"><span class='ocrx_word' id='word_1_133' title='bbox 413 2203 587 2280; x_wconf 76' lang='lat' dir='ltr'><strong>vult,</strong></span> <span class='ocrx_word' id='word_1_134' title='bbox 655 2206 821 2270; x_wconf 77' lang='lat' dir='ltr'><strong>velle</strong></span> <span class='ocrx_word' id='word_1_135' title='bbox 861 2205 1111 2290; x_wconf 85' lang='lat' dir='ltr'><strong>nequit.</strong></span> <span class='ocrx_word' id='word_1_136' title='bbox 1197 2205 1594 2286; x_wconf 81' lang='lat' dir='ltr'><strong>Nunquam,</strong></span> <span class='ocrx_word' id='word_1_137' title='bbox 1663 2203 1856 2266; x_wconf 84' lang='lat' dir='ltr'><strong>sicuti</strong></span> <span class='ocrx_word' id='word_1_138' title='bbox 1899 2223 2059 2278; x_wconf 81' lang='lat' dir='ltr'><strong>nos,</strong></span> <span class='ocrx_word' id='word_1_139' title='bbox 2127 2203 2198 2266; x_wconf 84' lang='lat' dir='ltr'><strong>in</strong></span> <span class='ocrx_word' id='word_1_140' title='bbox 2249 2203 2478 2286; x_wconf 84' lang='lat' dir='ltr'><strong>quibus</strong></span> <span class='ocrx_word' id='word_1_141' title='bbox 2566 2209 2571 2254; x_wconf 59' lang='grc' dir='ltr'><em>Ρ</em></span> 
     </span>
     <span class='ocr_line' id='line_1_18' title="bbox 416 2318 2478 2407; baseline 0.002 -24"><span class='ocrx_word' id='word_1_142' title='bbox 416 2324 698 2385; x_wconf 83' lang='lat' dir='ltr'><strong>essentia</strong></span> <span class='ocrx_word' id='word_1_143' title='bbox 742 2325 823 2387; x_wconf 85' lang='lat' dir='ltr'><strong>ab</strong></span> <span class='ocrx_word' id='word_1_144' title='bbox 865 2323 1244 2388; x_wconf 77' lang='lat' dir='ltr'><strong>exsistentia</strong></span> <span class='ocrx_word' id='word_1_145' title='bbox 1285 2320 1542 2398; x_wconf 85' lang='lat' dir='ltr'><strong>differt,</strong></span> <span class='ocrx_word' id='word_1_146' title='bbox 1583 2318 2004 2407; x_wconf 84' lang='lat' dir='ltr'><strong>impossibilia</strong></span> <span class='ocrx_word' id='word_1_147' title='bbox 2048 2322 2204 2385; x_wconf 78' lang='lat' dir='ltr'><strong>velle</strong></span> <span class='ocrx_word' id='word_1_148' title='bbox 2245 2336 2478 2405; x_wconf 83' lang='lat' dir='ltr'><strong>potest.</strong></span> 
     </span>
     <span class='ocr_line' id='line_1_19' title="bbox 416 2440 2571 2523; baseline -0.001 -22"><span class='ocrx_word' id='word_1_149' title='bbox 416 2441 810 2502; x_wconf 84' lang='lat' dir='ltr'><strong>Possibilitas</strong></span> <span class='ocrx_word' id='word_1_150' title='bbox 856 2460 1041 2523; x_wconf 86' lang='lat' dir='ltr'><strong>erg0,</strong></span> <span class='ocrx_word' id='word_1_151' title='bbox 1118 2440 1289 2522; x_wconf 85' lang='lat' dir='ltr'><strong>quod</strong></span> <span class='ocrx_word' id='word_1_152' title='bbox 1333 2442 1524 2502; x_wconf 90' lang='lat' dir='ltr'><strong>Deus</strong></span> <span class='ocrx_word' id='word_1_153' title='bbox 1571 2441 1789 2514; x_wconf 83' lang='lat' dir='ltr'><strong>aliter,</strong></span> <span class='ocrx_word' id='word_1_154' title='bbox 1849 2460 2041 2522; x_wconf 88' lang='lat' dir='ltr'><strong>quam</strong></span> <span class='ocrx_word' id='word_1_155' title='bbox 2087 2441 2254 2515; x_wconf 84' lang='lat' dir='ltr'><strong>vult,</strong></span> <span class='ocrx_word' id='word_1_156' title='bbox 2314 2441 2478 2516; x_wconf 81' lang='lat' dir='ltr'><strong>velit,</strong></span> <span class='ocrx_word' id='word_1_157' title='bbox 2569 2450 2571 2465; x_wconf 75' lang='lat'>²</span> 
     </span>
     <span class='ocr_line' id='line_1_20' title="bbox 414 2554 2571 2642; baseline 0 -27"><span class='ocrx_word' id='word_1_158' title='bbox 414 2556 487 2615; x_wconf 86' lang='lat' dir='ltr'><strong>in</strong></span> <span class='ocrx_word' id='word_1_159' title='bbox 528 2574 861 2619; x_wconf 86' lang='lat' dir='ltr'><strong>aeternum</strong></span> <span class='ocrx_word' id='word_1_160' title='bbox 894 2558 1287 2642; x_wconf 87' lang='lat' dir='ltr'><strong>possibilitas</strong></span> <span class='ocrx_word' id='word_1_161' title='bbox 1319 2575 1560 2618; x_wconf 82' lang='lat' dir='ltr'><strong>manet.</strong></span> <span class='ocrx_word' id='word_1_162' title='bbox 1648 2554 1809 2618; x_wconf 87' lang='lat' dir='ltr'><strong>Inde</strong></span> <span class='ocrx_word' id='word_1_163' title='bbox 1841 2578 1993 2617; x_wconf 84' lang='lat' dir='ltr'><strong>vero</strong></span> <span class='ocrx_word' id='word_1_164' title='bbox 2021 2556 2477 2620; x_wconf 77' lang='lat' dir='ltr'><strong>absurditatem</strong></span> <span class='ocrx_word' id='word_1_165' title='bbox 2568 2560 2571 2597; x_wconf 55' lang='grc' dir='ltr'><em>Ξ</em></span> 
     </span>
     <span class='ocr_line' id='line_1_21' title="bbox 416 2660 2480 2759; baseline -0 -24"><span class='ocrx_word' id='word_1_166' title='bbox 416 2692 559 2735; x_wconf 82' lang='lat' dir='ltr'><strong>esse</strong></span> <span class='ocrx_word' id='word_1_167' title='bbox 604 2677 932 2757; x_wconf 85' lang='lat' dir='ltr'><strong>sequitur,</strong></span> <span class='ocrx_word' id='word_1_168' title='bbox 999 2676 1054 2739; x_wconf 90' lang='lat' dir='ltr'><strong>si</strong></span> <span class='ocrx_word' id='word_1_169' title='bbox 1099 2677 1243 2759; x_wconf 87' lang='lat' dir='ltr'><strong>quis</strong></span> <span class='ocrx_word' id='word_1_170' title='bbox 1290 2677 1517 2737; x_wconf 88' lang='lat' dir='ltr'><strong>Deum</strong></span> <span class='ocrx_word' id='word_1_171' title='bbox 1581 2660 1665 2734; x_wconf 61' lang='lat' dir='ltr'><strong>eit</strong></span> <span class='ocrx_word' id='word_1_172' title='bbox 1708 2672 1970 2735; x_wconf 81' lang='lat' dir='ltr'><strong>arbitrio</strong></span> <span class='ocrx_word' id='word_1_173' title='bbox 2017 2696 2234 2757; x_wconf 82' lang='lat' dir='ltr'><strong>agere,</strong></span> <span class='ocrx_word' id='word_1_174' title='bbox 2293 2694 2480 2757; x_wconf 87' lang='lat' dir='ltr'><strong>atque</strong></span> 
     </span>
    </p>
   </div>
   <div class='ocr_carea' id='block_1_2' title="bbox 411 2790 2485 2877">
    <p class='ocr_par' dir='ltr' id='par_1_2' title="bbox 411 2790 2485 2877">
     <span class='ocr_line' id='line_1_22' title="bbox 411 2790 2485 2877; baseline 0.001 -23"><span class='ocrx_word' id='word_1_175' title='bbox 411 2812 473 2855; x_wconf 87' lang='lat' dir='ltr'><strong>e.</strong></span> <span class='ocrx_word' id='word_1_176' title='bbox 520 2812 579 2875; x_wconf 85' lang='lat' dir='ltr'><strong>g.</strong></span> <span class='ocrx_word' id='word_1_177' title='bbox 624 2795 861 2867; x_wconf 83' lang='lat' dir='ltr'><strong>alium,</strong></span> <span class='ocrx_word' id='word_1_178' title='bbox 920 2814 1113 2875; x_wconf 87' lang='lat' dir='ltr'><strong>quam</strong></span> <span class='ocrx_word' id='word_1_179' title='bbox 1157 2808 1444 2853; x_wconf 85' lang='lat' dir='ltr'><strong>creatum</strong></span> <span class='ocrx_word' id='word_1_180' title='bbox 1519 2790 1838 2853; x_wconf 85' lang='lat' dir='ltr'><strong>mundum</strong></span> <span class='ocrx_word' id='word_1_181' title='bbox 1884 2813 2100 2857; x_wconf 86' lang='lat' dir='ltr'><strong>creare</strong></span> <span class='ocrx_word' id='word_1_182' title='bbox 2141 2811 2336 2877; x_wconf 85' lang='lat' dir='ltr'><strong>posse</strong></span> <span class='ocrx_word' id='word_1_183' title='bbox 2380 2817 2485 2877; x_wconf 91' lang='lat' dir='ltr'><strong>pu-</strong></span> 
     </span>
    </p>
   </div>
   <div class='ocr_carea' id='block_1_3' title="bbox 428 2910 1566 2995">
    <p class='ocr_par' dir='ltr' id='par_1_3' title="bbox 428 2910 1566 2995">
     <span class='ocr_line' id='line_1_23' title="bbox 428 2910 1566 2995; baseline -0.001 -23"><span class='ocrx_word' id='word_1_184' title='bbox 428 2925 538 2972; x_wconf 88' lang='lat' dir='ltr'><strong>tet.</strong></span> <span class='ocrx_word' id='word_1_185' title='bbox 599 2910 781 2991; x_wconf 81' lang='lat' dir='ltr'><strong>(Eth.</strong></span> <span class='ocrx_word' id='word_1_186' title='bbox 826 2914 888 2977; x_wconf 84' lang='lat' dir='ltr'><strong>P.</strong></span> <span class='ocrx_word' id='word_1_187' title='bbox 933 2914 981 2978; x_wconf 86' lang='lat'><strong>1.</strong></span> <span class='ocrx_word' id='word_1_188' title='bbox 1025 2913 1211 2995; x_wconf 85' lang='lat' dir='ltr'><strong>Prop.</strong></span> <span class='ocrx_word' id='word_1_189' title='bbox 1254 2910 1566 2990; x_wconf 86' lang='lat' dir='ltr'>XXXIII)</span> 
     </span>
    </p>
   </div>
   <div class='ocr_carea' id='block_1_4' title="bbox 416 3096 2486 3647">
    <p class='ocr_par' dir='ltr' id='par_1_4' title="bbox 416 3096 2486 3647">
     <span class='ocr_line' id='line_1_24' title="bbox 583 3096 2483 3181; baseline -0.004 -20"><span class='ocrx_word' id='word_1_190' title='bbox 583 3098 769 3161; x_wconf 82' lang='lat' dir='ltr'><strong>Deus</strong></span> <span class='ocrx_word' id='word_1_191' title='bbox 812 3096 1049 3181; x_wconf 81' lang='lat' dir='ltr'><strong>igitur,</strong></span> <span class='ocrx_word' id='word_1_192' title='bbox 1101 3118 1251 3159; x_wconf 86' lang='lat' dir='ltr'><strong>cum</strong></span> <span class='ocrx_word' id='word_1_193' title='bbox 1297 3097 1578 3161; x_wconf 81' lang='lat' dir='ltr'><strong>essentia</strong></span> <span class='ocrx_word' id='word_1_194' title='bbox 1622 3096 1756 3178; x_wconf 85' lang='lat' dir='ltr'><strong>ejus</strong></span> <span class='ocrx_word' id='word_1_195' title='bbox 1802 3096 2240 3158; x_wconf 79' lang='lat' dir='ltr'><strong>exsistentiam</strong></span> <span class='ocrx_word' id='word_1_196' title='bbox 2287 3096 2483 3155; x_wconf 82' lang='lat' dir='ltr'><strong>invol-</strong></span> 
     </span>
     <span class='ocr_line' id='line_1_25' title="bbox 420 3212 2480 3299; baseline -0.002 -22"><span class='ocrx_word' id='word_1_197' title='bbox 420 3213 546 3287; x_wconf 77' lang='lat' dir='ltr'><strong>vit,</strong></span> <span class='ocrx_word' id='word_1_198' title='bbox 604 3216 891 3277; x_wconf 82' lang='lat' dir='ltr'><strong>absolute</strong></span> <span class='ocrx_word' id='word_1_199' title='bbox 932 3216 1146 3274; x_wconf 79' lang='lat' dir='ltr'><strong>libere</strong></span> <span class='ocrx_word' id='word_1_200' title='bbox 1188 3216 1353 3299; x_wconf 84' lang='lat' dir='ltr'><strong>agit,</strong></span> <span class='ocrx_word' id='word_1_201' title='bbox 1426 3213 1574 3298; x_wconf 85' lang='lat' dir='ltr'><strong>quia</strong></span> <span class='ocrx_word' id='word_1_202' title='bbox 1620 3212 1700 3276; x_wconf 82' lang='lat' dir='ltr'><strong>ad</strong></span> <span class='ocrx_word' id='word_1_203' title='bbox 1742 3213 2181 3276; x_wconf 75' lang='lat' dir='ltr'><strong>exsistentium</strong></span> <span class='ocrx_word' id='word_1_204' title='bbox 2229 3230 2296 3273; x_wconf 87' lang='lat' dir='ltr'><strong>et</strong></span> <span class='ocrx_word' id='word_1_205' title='bbox 2339 3233 2480 3296; x_wconf 88' lang='lat' dir='ltr'><strong>ope·</strong></span> 
     </span>
     <span class='ocr_line' id='line_1_26' title="bbox 416 3328 2482 3415; baseline 0 -25"><span class='ocrx_word' id='word_1_206' title='bbox 416 3328 693 3391; x_wconf 82' lang='lat' dir='ltr'><strong>randum</strong></span> <span class='ocrx_word' id='word_1_207' title='bbox 738 3332 915 3391; x_wconf 85' lang='lat' dir='ltr'><strong>nulla</strong></span> <span class='ocrx_word' id='word_1_208' title='bbox 956 3350 1179 3406; x_wconf 84' lang='lat' dir='ltr'><strong>causa,</strong></span> <span class='ocrx_word' id='word_1_209' title='bbox 1220 3332 1349 3395; x_wconf 83' lang='lat' dir='ltr'><strong>nisi</strong></span> <span class='ocrx_word' id='word_1_210' title='bbox 1377 3352 1412 3392; x_wconf 88' lang='lat' dir='ltr'><strong>a</strong></span> <span class='ocrx_word' id='word_1_211' title='bbox 1441 3348 1646 3393; x_wconf 85' lang='lat' dir='ltr'><strong>semet</strong></span> <span class='ocrx_word' id='word_1_212' title='bbox 1669 3331 1850 3415; x_wconf 87' lang='lat' dir='ltr'><strong>ipso,</strong></span> <span class='ocrx_word' id='word_1_213' title='bbox 1895 3330 2313 3391; x_wconf 85' lang='lat' dir='ltr'><strong>determinari</strong></span> <span class='ocrx_word' id='word_1_214' title='bbox 2359 3346 2482 3415; x_wconf 87' lang='lat' dir='ltr'><strong>pot·</strong></span> 
     </span>
     <span class='ocr_line' id='line_1_27' title="bbox 424 3444 2484 3533; baseline -0 -24"><span class='ocrx_word' id='word_1_215' title='bbox 424 3460 545 3509; x_wconf 87' lang='lat' dir='ltr'><strong>est.</strong></span> <span class='ocrx_word' id='word_1_216' title='bbox 628 3444 694 3508; x_wconf 91' lang='lat' dir='ltr'><strong>A</strong></span> <span class='ocrx_word' id='word_1_217' title='bbox 750 3446 1019 3508; x_wconf 85' lang='lat' dir='ltr'><strong>nemine</strong></span> <span class='ocrx_word' id='word_1_218' title='bbox 1076 3446 1255 3507; x_wconf 87' lang='lat' dir='ltr'><strong>enim</strong></span> <span class='ocrx_word' id='word_1_219' title='bbox 1315 3446 1395 3507; x_wconf 87' lang='lat' dir='ltr'><strong>ad</strong></span> <span class='ocrx_word' id='word_1_220' title='bbox 1455 3446 1770 3533; x_wconf 85' lang='lat' dir='ltr'><strong>agendum</strong></span> <span class='ocrx_word' id='word_1_221' title='bbox 1817 3449 2005 3510; x_wconf 88' lang='lat' dir='ltr'><strong>Deus</strong></span> <span class='ocrx_word' id='word_1_222' title='bbox 2065 3448 2336 3531; x_wconf 85' lang='lat' dir='ltr'><strong>cogitur.</strong></span> <span class='ocrx_word' id='word_1_223' title='bbox 2425 3448 2484 3510; x_wconf 91' lang='lat' dir='ltr'><strong>Si</strong></span> 
     </span>
     <span class='ocr_line' id='line_1_28' title="bbox 418 3562 2486 3647; baseline -0.001 -20"><span class='ocrx_word' id='word_1_224' title='bbox 418 3565 485 3627; x_wconf 84' lang='lat' dir='ltr'><strong>id</strong></span> <span class='ocrx_word' id='word_1_225' title='bbox 532 3562 667 3625; x_wconf 82' lang='lat' dir='ltr'><strong>fieri</strong></span> <span class='ocrx_word' id='word_1_226' title='bbox 709 3580 1142 3647; x_wconf 68' lang='lat' dir='ltr'><strong>posset„non</strong></span> <span class='ocrx_word' id='word_1_227' title='bbox 1186 3563 1471 3627; x_wconf 83' lang='lat' dir='ltr'><strong>absolute</strong></span> <span class='ocrx_word' id='word_1_228' title='bbox 1514 3586 1702 3627; x_wconf 85' lang='lat' dir='ltr'><strong>eausa</strong></span> <span class='ocrx_word' id='word_1_229' title='bbox 1741 3566 1877 3641; x_wconf 87' lang='lat' dir='ltr'><strong>sui,</strong></span> <span class='ocrx_word' id='word_1_230' title='bbox 1944 3563 2060 3627; x_wconf 84' lang='lat' dir='ltr'><strong>sed</strong></span> <span class='ocrx_word' id='word_1_231' title='bbox 2115 3567 2192 3625; x_wconf 90' lang='lat' dir='ltr'><strong>ab</strong></span> <span class='ocrx_word' id='word_1_232' title='bbox 2237 3566 2363 3627; x_wconf 84' lang='lat' dir='ltr'><strong>alio</strong></span> <span class='ocrx_word' id='word_1_233' title='bbox 2390 3564 2486 3625; x_wconf 84' lang='lat' dir='ltr'><strong>de·</strong></span> 
     </span>
    </p>
   </div>
   <div class='ocr_carea' id='block_1_5' title="bbox 419 3681 2482 3766">
    <p class='ocr_par' dir='ltr' id='par_1_5' title="bbox 419 3681 2482 3766">
     <span class='ocr_line' id='line_1_29' title="bbox 419 3681 2482 3766; baseline -0 -23"><span class='ocrx_word' id='word_1_234' title='bbox 419 3682 805 3745; x_wconf 83' lang='lat' dir='ltr'><strong>terminatus</strong></span> <span class='ocrx_word' id='word_1_235' title='bbox 848 3702 973 3743; x_wconf 89' lang='lat' dir='ltr'><strong>nee</strong></span> <span class='ocrx_word' id='word_1_236' title='bbox 1013 3681 1306 3744; x_wconf 81' lang='lat' dir='ltr'><strong>infinitus</strong></span> <span class='ocrx_word' id='word_1_237' title='bbox 1351 3700 1539 3748; x_wconf 84' lang='lat' dir='ltr'><strong>esset.</strong></span> <span class='ocrx_word' id='word_1_238' title='bbox 1627 3688 1883 3766; x_wconf 83' lang='lat' dir='ltr'><strong>Itaque,</strong></span> <span class='ocrx_word' id='word_1_239' title='bbox 1941 3704 2089 3743; x_wconf 85' lang='lat' dir='ltr'><strong>eum</strong></span> <span class='ocrx_word' id='word_1_240' title='bbox 2134 3684 2482 3745; x_wconf 85' lang='lat' dir='ltr'><strong>essentiam</strong></span> 
     </span>
    </p>
   </div>
   <div class='ocr_carea' id='block_1_6' title="bbox 294 3798 2486 3886">
    <p class='ocr_par' dir='ltr' id='par_1_6' title="bbox 294 3798 2486 3886">
     <span class='ocr_line' id='line_1_30' title="bbox 294 3798 2486 3886; baseline -0.002 -23"><span class='ocrx_word' id='word_1_241' title='bbox 294 3858 328 3882; x_wconf 12' lang='grc' dir='ltr'><strong>,ἱ</strong></span> <span class='ocrx_word' id='word_1_242' title='bbox 419 3820 599 3861; x_wconf 82' lang='lat' dir='ltr'><strong>suam</strong></span> <span class='ocrx_word' id='word_1_243' title='bbox 638 3801 712 3862; x_wconf 88' lang='lat' dir='ltr'><strong>in</strong></span> <span class='ocrx_word' id='word_1_244' title='bbox 752 3798 1082 3884; x_wconf 84' lang='lat' dir='ltr'><strong>operando</strong></span> <span class='ocrx_word' id='word_1_245' title='bbox 1132 3801 1273 3865; x_wconf 86' lang='lat' dir='ltr'><strong>sine</strong></span> <span class='ocrx_word' id='word_1_246' title='bbox 1317 3801 1668 3886; x_wconf 81' lang='lat' dir='ltr'><strong>negatione</strong></span> <span class='ocrx_word' id='word_1_247' title='bbox 1710 3801 2067 3886; x_wconf 83' lang='lat' dir='ltr'><strong>exprimat,</strong></span> <span class='ocrx_word' id='word_1_248' title='bbox 2107 3802 2385 3862; x_wconf 87' lang='lat' dir='ltr'><strong>omnino</strong></span> <span class='ocrx_word' id='word_1_249' title='bbox 2425 3801 2486 3859; x_wconf 84' lang='lat' dir='ltr'><strong>li·</strong></span> 
     </span>
    </p>
   </div>
   <div class='ocr_carea' id='block_1_7' title="bbox 420 3916 2483 4102">
    <p class='ocr_par' dir='ltr' id='par_1_7' title="bbox 420 3916 2483 4102">
     <span class='ocr_line' id='line_1_31' title="bbox 420 3916 2483 4001; baseline 0 -24"><span class='ocrx_word' id='word_1_250' title='bbox 420 3918 571 3978; x_wconf 87' lang='lat' dir='ltr'><strong>bere</strong></span> <span class='ocrx_word' id='word_1_251' title='bbox 616 3920 773 4001; x_wconf 85' lang='lat' dir='ltr'><strong>agit,</strong></span> <span class='ocrx_word' id='word_1_252' title='bbox 820 3939 961 3980; x_wconf 87' lang='lat' dir='ltr'><strong>non</strong></span> <span class='ocrx_word' id='word_1_253' title='bbox 1005 3942 1159 3982; x_wconf 79' lang='lat' dir='ltr'><strong>vero</strong></span> <span class='ocrx_word' id='word_1_254' title='bbox 1207 3936 1277 3981; x_wconf 91' lang='lat' dir='ltr'><strong>ut</strong></span> <span class='ocrx_word' id='word_1_255' title='bbox 1323 3920 1506 3982; x_wconf 80' lang='lat' dir='ltr'><strong>finita</strong></span> <span class='ocrx_word' id='word_1_256' title='bbox 1545 3940 1863 3998; x_wconf 81' lang='lat' dir='ltr'><strong>persona,</strong></span> <span class='ocrx_word' id='word_1_257' title='bbox 1923 3940 2086 4001; x_wconf 82' lang='lat' dir='ltr'><strong>quae</strong></span> <span class='ocrx_word' id='word_1_258' title='bbox 2128 3918 2198 3978; x_wconf 86' lang='lat' dir='ltr'><strong>in</strong></span> <span class='ocrx_word' id='word_1_259' title='bbox 2242 3916 2483 4001; x_wconf 85' lang='lat' dir='ltr'><strong>agendo</strong></span> 
     </span>
     <span class='ocr_line' id='line_1_32' title="bbox 422 4034 2482 4102; baseline -0 -7"><span class='ocrx_word' id='word_1_260' title='bbox 422 4050 591 4095; x_wconf 84' lang='lat' dir='ltr'><strong>certa</strong></span> <span class='ocrx_word' id='word_1_261' title='bbox 638 4056 967 4097; x_wconf 82' lang='lat' dir='ltr'><strong>causarum</strong></span> <span class='ocrx_word' id='word_1_262' title='bbox 1012 4038 1559 4099; x_wconf 80' lang='lat' dir='ltr'><strong>concatenatione</strong></span> <span class='ocrx_word' id='word_1_263' title='bbox 1581 4036 2068 4102; x_wconf 84' lang='lat' dir='ltr'><strong>determinatur.</strong></span> <span class='ocrx_word' id='word_1_264' title='bbox 2159 4034 2322 4097; x_wconf 87' lang='lat' dir='ltr'><strong>Inde</strong></span> <span class='ocrx_word' id='word_1_265' title='bbox 2355 4035 2482 4098; x_wconf 88' lang='lat' dir='ltr'><strong>Dei</strong></span> 
     </span>
    </p>
   </div>
   <div class='ocr_carea' id='block_1_8' title="bbox 426 4151 2482 4302">
    <p class='ocr_par' dir='ltr' id='par_1_8' title="bbox 426 4151 2482 4302">
     <span class='ocr_line' id='line_1_33' title="bbox 426 4151 2482 4227; baseline 0.001 -16"><span class='ocrx_word' id='word_1_266' title='bbox 426 4151 781 4211; x_wconf 83' lang='lat' dir='ltr'><strong>libertatem</strong></span> <span class='ocrx_word' id='word_1_267' title='bbox 828 4174 863 4212; x_wconf 87' lang='lat' dir='ltr'><strong>a</strong></span> <span class='ocrx_word' id='word_1_268' title='bbox 910 4175 1157 4217; x_wconf 80' lang='lat' dir='ltr'><strong>summa</strong></span> <span class='ocrx_word' id='word_1_269' title='bbox 1213 4155 1614 4215; x_wconf 76' lang='lat' dir='ltr'><strong>necessitate</strong></span> <span class='ocrx_word' id='word_1_270' title='bbox 1675 4156 1852 4216; x_wconf 87' lang='lat' dir='ltr'><strong>nullo</strong></span> <span class='ocrx_word' id='word_1_271' title='bbox 1913 4152 2110 4216; x_wconf 85' lang='lat' dir='ltr'><strong>modo</strong></span> <span class='ocrx_word' id='word_1_272' title='bbox 2155 4152 2482 4227; x_wconf 79' lang='lat' dir='ltr'><strong>diversam,</strong></span> 
     </span>
     <span class='ocr_line' id='line_1_34' title="bbox 1901 4271 1912 4302; baseline 0 0"><span class='ocrx_word' id='word_1_273' title='bbox 1901 4271 1912 4302; x_wconf 93' lang='grc' dir='ltr'><em>Ι</em></span> 
     </span>
    </p>
   </div>
   <div class='ocr_carea' id='block_1_9' title="bbox 2565 651 2575 1750">
    <p class='ocr_par' dir='ltr' id='par_1_9' title="bbox 2565 651 2575 1750">
     <span class='ocr_line' id='line_1_35' title="bbox 2565 651 2575 1750; baseline 0 0"><span class='ocrx_word' id='word_1_274' title='bbox 2565 651 2575 1750; x_wconf 95' lang='lat' dir='ltr'><strong> </strong></span> 
     </span>
    </p>
   </div>
  </div>
 </body>
</html>
