2588 4687
1665 131 1690 158 0

1202 355 1682 419 ...5ο-

424 536 841 609 166--169.)
926 525 1111 588 Nihil
1157 544 1312 587 vero
1357 520 1559 605 magis
1616 519 1788 580 hanc
1845 521 2249 582 voluntatem
2299 539 2512 581 exco-

422 655 555 714 lere
598 663 844 733 potest,
914 667 1105 728 quam
1148 642 1379 706 virium
1437 641 1511 700 in
1555 659 1760 701 unum
1804 636 2004 698 finem
2046 636 2504 720 spectantium

428 766 843 838 communio,
913 784 1037 846 qua
1090 761 1285 822 homo
1340 760 1414 820 in
1461 756 1814 820 solitudine
1854 757 2045 839 plane
2105 771 2280 817 caret
2319 754 2512 817 ideo-

431 908 557 973 que
611 885 804 946 etiam
864 880 1219 942 barbariem
1279 879 1380 939 vel
1435 875 1788 938 affectuum
1845 874 1921 934 in
1978 894 2126 935 enm
2173 873 2313 936 vim
2359 895 2515 934 non

432 1001 707 1070 inultum
753 1015 1027 1085 superat.
1110 999 1191 1056 In
1235 996 1516 1054 civitate
1572 1008 1800 1054 contra
1853 990 2154 1052 omnium
2200 993 2514 1053 voluntas
2575 1005 2577 1066 j

432 1127 507 1186 in
548 1129 625 1186 ’eo
670 1138 800 1192 est,
866 1133 937 1178 ut
990 1113 1348 1176 secundum
1405 1128 1672 1172 naturae
1727 1129 1882 1172 suae
1935 1110 2108 1190 leges
2175 1129 2261 1170 ex
2307 1099 2512 1170 ductu

434 1239 706 1304 rationis
738 1235 815 1296 ad
851 1234 1262 1314 adaequatam
1294 1231 1428 1293 Dei
1455 1229 1904 1311 cognitionem
1942 1227 2178 1288 vivant.
2251 1227 2511 1288 Summi

436 1359 594 1420 boni
638 1355 881 1416 fructus
942 1351 1139 1433 igitur
1177 1365 1245 1409 et
1286 1349 1620 1409 rationalis
1685 1347 1813 1409 vita
1855 1365 1999 1405 non
2041 1345 2115 1404 in
2159 1343 2520 1404 solitudine
2575 1373 2577 1376 ⁴

442 1474 660 1560 quaeri
708 1470 980 1543 debent,
1038 1465 1150 1530 sed
1210 1467 1281 1526 in
1338 1452 1482 1549 ip'sa
1533 1465 1796 1526 civitate
1842 1483 1991 1521 vera
2032 1463 2324 1542 cognitio
2369 1463 2515 1523 Dei

438 1594 698 1674 incepta
740 1587 1034 1671 jamjam,
1075 1585 1241 1680 culta
1281 1601 1346 1644 et
1367 1581 1642 1644 colenda
1685 1581 2035 1644 invenitur.
2071 1579 2249 1655 (Eth.
2293 1582 2359 1640 P.
2393 1581 2509 1642 IV.

422 1715 583 1772 Ῥω.
626 1707 899 1768 xxxm.
946 1705 1183 1763 XXXV.
1270 1703 1610 1763 Tractatus
1655 1699 1948 1782 politicus
1993 1697 2336 1772 ininitio,
2396 1713 2524 1758 tra·
2575 1689 2577 1738 ³

444 1843 648 1890 ctatus
693 1817 1410 1904 theologico-politicus
1456 1819 1530 1877 in
1573 1815 1767 1894 fine.)

882 1992 959 2061 G.
1064 1997 1157 2058 De
1206 1994 1616 2058 intellectuali
1667 1994 1784 2056 Dei
1831 2012 2066 2056 amore.

1220 2125 1270 2176 1.
1339 2123 1425 2170 De
1471 2115 1742 2170 libertate.

661 2223 778 2286 Sin
820 2221 1013 2305 igitur
1052 2221 1340 2283 hominis
1379 2221 1660 2284 ser-vitus
1705 2243 1791 2282 ex
1825 2217 2198 2292 affectibus,
2241 2215 2520 2280 affectus

452 2360 607 2406 vero
642 2361 732 2401 ex
772 2337 1213 2421 inadaequatis
1257 2337 1417 2401 ideis
1461 2338 1926 2421 profiscuntur,
1967 2335 2254 2399 hominis
2298 2335 2373 2395 in
2416 2358 2523 2395 ra-

449 2458 759 2520 tionalem
821 2472 1055 2517 statum
1112 2457 1615 2517 conversionem
1693 2479 1726 2517 a
1783 2454 2087 2539 parandis
2145 2452 2523 2535 adaequatis

451 2574 613 2639 ideis
642 2574 933 2659 incipere
967 2572 1219 2648 debere,
1240 2576 1396 2634 satis
1429 2576 1646 2655 liquet.
1716 2576 1912 2650 Nam,
1937 2574 1994 2635 si
2021 2572 2094 2632 in
2121 2570 2354 2633 eodem
2387 2573 2531 2634 sub·

452 2694 621 2779 jecto
652 2690 814 2753 duae
859 2692 1221 2776 contrariae
1266 2693 1555 2753 actiones
1585 2694 1973 2766 excitantur,
2013 2689 2273 2750 debebit
2303 2709 2532 2750 neces-

452 2810 593 2872 ario
625 2809 722 2872 vel
768 2785 840 2869 in
881 2826 1183 2891 utraque,
1222 2812 1328 2871 vel
1361 2810 1432 2870 in
1462 2831 1593 2871 >una
1629 2812 1763 2870 sola
1796 2808 2064 2871 mutatio
2093 2805 2262 2880 fieri,
2309 2804 2536 2868 donec

454 2925 761 2990 desinant
787 2926 1145 2987 contrariae
1177 2946 1338 2992 esse.
1384 2926 1568 3006 (Eth.
1597 2926 2040 2992 P.V.Axiom.
2072 2924 2154 3003 1.)
2219 2920 2533 2985 Affectus

451 3042 680 3130 igitur,
762 3043 877 3125 qui
928 3044 1147 3127 passio
1204 3059 1339 3118 est,
1427 3043 1669 3104 desinit
1725 3066 1873 3106 esse
1917 3042 2165 3129 passio,
2255 3042 2534 3103 simulac

456 3162 589 3238 cius
629 3162 871 3223 claram
917 3178 980 3223 et
1020 3160 1396 3223 distinctam
1441 3160 1797 3224 formemus
1841 3162 2080 3227 ideam.
2125 3158 2291 3242 (ibid
2341 3164 2530 3240 Prop.

455 3278 610 3354 ΙΙΙ.)
697 3278 785 3340 Et
822 3294 923 3339 est
962 3276 1224 3363 quidem
1270 3280 1448 3339 nulla
1489 3280 1779 3361 corporis
1821 3280 2120 3354 afFectiO,
2189 3280 2372 3361 cujus
2419 3280 2536 3339 ali-

454 3413 648 3478 quem
674 3394 915 3455 ciarum
948 3412 1013 3457 et
1045 3393 1418 3456 distinctum
1467 3416 1607 3455 nou
1654 3418 1996 3479 possemus
2043 3397 2332 3458 formare
2372 3417 2529 3457 con-

456 3528 733 3597 ceptum.
823 3512 997 3572 Talis
1030 3528 1238 3573 autem
1273 3510 1622 3595 adaequata
1655 3515 1942 3597 cognitio
1973 3514 2141 3575 tollit
2171 3512 2529 3575 affectuum
2575 3510 2577 3519 '

456 3630 530 3690 in
572 3647 692 3689 nos
734 3628 1128 3712 potentiam,
1176 3628 1414 3712 quippe
1461 3652 1620 3712 quae
1664 3633 2039 3711 passionem
2082 3630 2156 3691 in
2199 3630 2534 3693 actionem

458 3762 832 3809 commutat.
918 3748 1141 3831 Itaque
1187 3747 1554 3809 intellectus
1595 3750 1890 3832 potentia
1933 3749 2074 3809 fieri
2116 3764 2355 3831 potest,
2408 3772 2538 3832 quo
2575 3794 2577 3839 1

454 3864 671 3926 minus
718 3863 1051 3957 affectibus
1096 3866 1400 3941 obnoxii,
1445 3866 1558 3929 sed
1602 3868 1874 3929 rationis
1920 3868 2162 3950 legibus
2209 3844 2577 3951 obtempe-i

449 3996 665 4041 rantes
711 3982 1020 4045 vivamus.
1107 3982 1229 4045 Sed
1287 3982 1447 4044 haec
1487 3985 1745 4045 libertas
1804 3985 1880 4045 in
1936 3987 2116 4046 nullo
2176 3985 2340 4060 alio,
2403 3916 2577 4063 nisi}

450 4094 524 4152 in
552 4100 1000 4177 cognoscenda
1030 4117 1097 4160 et
1125 4088 1536 4181 agnoscenda
1567 4104 1952 4165 necessitate
1984 4102 2323 4178 consistit,
2371 4126 2537 4185 quae
2575 4120 2577 4191 ᾖ

454 4210 733 4289 cognitio
759 4187 849 4272 'in
896 4214 1241 4294 adaequata
1284 4214 1426 4275 idea
1473 4237 1830 4295 summam,
1891 4242 2055 4302 quae
2099 4241 2238 4285 esse
2282 4239 2532 4305 potest,
