2588 4687
1010 265 1057 304 0

909 327 1394 392 ...59-

100 495 413 560 flexionis
474 495 549 556 in
608 514 677 557 se
732 493 1123 578 principium
1182 509 1248 554 et
1289 492 1524 554 realem
1570 492 2022 579 infinitamque
2069 497 2188 563 Es-

23 629 25 698 ζ
105 615 389 677 sentiam
434 613 509 674 in
556 612 905 694 subjectiva
952 612 1343 686 substantia,
1399 609 1487 671 in
1546 611 1858 694 spirituali
1897 615 2181 681 Monada

106 731 430 812 exposuit.
470 729 585 810 (cf.
626 729 1061 797 Mussmann,
1107 726 1189 790 de
1230 725 1588 790 idealismo.
1637 751 1700 812 p.
1745 735 2076 812 39--41‚)

284 848 348 913 si
392 846 559 930 apud
604 847 961 910 Cartesium
1007 862 1237 907 natura
1279 861 1346 906 et
1390 845 1654 929 spiritus
1690 861 1980 926 praeter
2020 855 2173 913 sub-

21 1031 23 1036 ,
108 967 483 1032 stantialem
526 966 748 1027 Deum
804 962 1105 1039 fuerunt,
1170 963 1225 1026 si
1282 962 1456 1046 apud
1513 963 1860 1047 Spinozam
1909 969 1984 1026 in
2025 969 2179 1033 Deo

109 1085 604 1169 disparuerunt:
650 1097 877 1143 contra
918 1082 991 1141 in
1032 1081 1445 1143 Leibnitiano
1473 1081 1936 1168 spiritualismo
1964 1087 2178 1158 Dens,

113 1205 401 1265 absoluta
445 1197 675 1260 mundi
728 1199 1271 1282 repraesentatio,
1339 1213 1438 1258 esc
1490 1199 1822 1282 Spiritus,
1876 1203 1988 1284 qui
2037 1224 2181 1268 nou

112 1319 236 1382 sibi
280 1319 649 1379 immanens
693 1333 1025 1392 remanet,
1068 1315 1180 1378 sed
1223 1315 1694 1380 transcendens
1737 1339 1814 1380 ac
1857 1338 1926 1381 se
1952 1321 2178 1385 Deum

114 1433 544 1498 manifestans
587 1432 819 1495 mundi
862 1452 1113 1496 creator
1149 1448 1269 1496 est.
1356 1434 1567 1496 Unius
1615 1452 1828 1497 autem
1871 1440 2179 1504 Monadi:

19 1615 21 1622 ,
112 1554 191 1615 in
250 1552 575 1614 infinitam
634 1551 882 1634 sibique
952 1567 1364 1614 constantem
1422 1550 1778 1614 Monadum
1834 1556 2187 1619 multitudi-

116 1692 279 1733 nem
320 1668 776 1731 determinatio
820 1689 962 1730 non
990 1667 1512 1745 demonstratur,
1555 1691 1716 1752 quae
1759 1671 2062 1736 mediatio
2105 1691 2191 1739 ta-

114 1807 282 1850 men
322 1786 396 1849 in
454 1786 781 1870 religionis
836 1784 1227 1848 christianae
1283 1784 1364 1846 de
1405 1788 1556 1849 Deo
1611 1789 1832 1850 triano
1890 1778 2190 1854 doctri'na

120 1903 525 1968 continetur.
653 1905 875 1986 Itaque
930 1904 1145 1965 unitas
1200 1919 1269 1964 et
1325 1900 1698 1966 differentia
1751 1922 1934 1969 extra
1988 1928 2058 1970 se
2099 1931 2194 1971 re·

118 2039 324 2089 stant.
404 2019 623 2083 Sicubi
666 2021 905 2082 multae
946 2018 1261 2084 Monades
1305 2039 1436 2080 una
1477 2019 1733 2084 infinita
1760 2023 2046 2088 Monada
2078 2046 2194 2110 po-

116 2157 407 2219 nuntur,
443 2162 527 2204 eo
568 2139 714 2224 ipso
756 2139 1015 2223 jamjam
1057 2139 1196 2198 illas
1243 2137 1568 2216 simplices
1609 2155 1676 2199 et
1715 2157 2008 2204 aeternas
2047 2163 2192 2207 esse

120 2258 429 2322 desinant
482 2277 750 2319 necesse
810 2272 923 2324 est.
1042 2255 1165 2320 Est
1216 2276 1417 2339 porro
1472 2233 1883 2342 apperceptio
1936 2259 2195 2343 quidem

118 2378 316 2444 Multi
353 2394 419 2439 et
463 2377 638 2442 Varii
681 2375 936 2452 unitas,
998 2380 1233 2439 Monas
1292 2375 1491 2460 igitur
1548 2398 1715 2461 pura
1768 2393 1833 2439 et
1874 2380 2196 2444 abstracta

121 2494 238 2560 sed
284 2493 491 2557 adhue
530 2494 921 2573 subjectiva
978 2507 1246 2554 cantum
1301 2495 1701 2559 necessitatis
1761 2512 1828 2557 et
1881 2497 2196 2561 libertatis

123 2612 364 2674 unitas.
450 2608 665 2694 Atque
705 2631 787 2671 eo
821 2611 1132 2687 consilio,
1173 2628 1246 2673 ut
1276 2612 1549 2673 liberum
1583 2616 1836 2695 Ipsum,
1875 2637 2004 2697 quo
2056 2618 2204 2698 Ipso

122 2727 427 2793 videlicet
476 2728 889 2789 Leibnitiana
957 2728 1369 2812 philosophia
1423 2729 1702 2790 Cartesii
1758 2746 1822 2790 et
1878 2730 2202 2815 Spinozae

126 2861 557 2927 systematum
618 2846 868 2920 unitas,
932 2843 1244 2907 distincte
1301 2859 1557 2920 teneat,
1651 2845 1949 2909 Monadis
1993 2849 2194 2911 verbo

126 2964 327 3026 etiam
370 2961 725 3025 Leibnitius
770 2960 1006 3035 utitur,
1071 2960 1219 3042 quia
1265 2960 1620 3023 substantia
1671 2962 1745 3024 in
1803 2984 1873 3027 se
1929 2964 2200 3031 nonnisi

128 3080 590 3145 Necessarium
631 3097 848 3161 neque
897 3096 1048 3141 vero
1092 3076 1290 3139 etiam
1323 3075 1624 3139 Liberum
1669 3093 1788 3143 est.
