2588 4687
903 326 1385 392 ...57-

98 495 539 579 praestabilita
581 511 697 564 est.
783 494 819 576 (
835 493 920 564 cf.
957 493 1234 574 Hegel's
1274 490 1745 558 wissenschaft
1786 496 1901 562 der
1940 503 2165 590 Logik.

93 611 210 678 nd.
259 616 308 682 Ι.
354 621 411 682 1.
451 638 512 701 p.
563 613 702 695 96.)

311 747 566 813 Eodem
608 747 801 832 igitur
842 745 1076 825 modo,
1143 769 1272 833 quo
1315 749 1639 814 Car-tesius
1678 751 1815 816 Dei
1862 755 2172 820 assisten-

96 869 267 932 tiam
311 883 377 930 et
427 867 715 952 Spinoza
760 865 1176 950 adaequatam
1217 865 1465 943 ideam,
1548 867 1900 935 Leibnitius
1940 875 2171 940 Deum

31 993 41 1002 “
99 984 456 1070 supponit,
516 984 664 1069 qui,
703 1006 853 1047 cum
897 1003 1104 1046 uuum
1149 999 1214 1046 et
1256 983 1615 1048 secundum
1654 987 1946 1052 Melioris
1987 993 2171 1078 prin-

100 1103 353 1187 cipium
395 1105 715 1188 optimum
779 1100 1040 1186 quidem
1085 1100 1403 1164 mundum
1448 1123 1666 1166 creare
1708 1108 2028 1191 potuerit,
2088 1113 2171 1175 ab

102 1233 378 1292 aeterno·
418 1221 593 1282 inter
639 1219 1040 1282 somniantes
1084 1236 1150 1282 et
1190 1220 1369 1284 vivas
1410 1240 1523 1284 seu
1568 1221 1664 1286 sui
1709 1225 1999 1290 conscias
2041 1251 2177 1292 mo-

101 1333 318 1398 nades
350 1335 791 1398 harmoniam
826 1335 1379 1418 prae-stabilivit,
1425 1357 1567 1400 non
1606 1359 1762 1402 vero
1790 1343 2170 1412 mechanico

105 1470 172 1516 et
217 1469 494 1518 externo
536 1453 775 1531 modo,
833 1451 1102 1530 sedita,
1155 1468 1232 1514 ut
1265 1423 1543 1530 Mones,
1598 1476 1667 1518 se
1708 1457 1917 1538 ipsam
1964 1461 2175 1528 deter-

104 1570 372 1634 minans
390 1615 408 1648 ,
445 1571 520 1634 in
549 1593 663 1636 sua
691 1570 1234 1634 determinatione
1272 1569 1341 1630 id
1366 1571 1565 1633 libere
1594 1572 1846 1652 efficiat,
1889 1577 1969 1640 ad
1997 1583 2171 1665 quod

103 1685 484 1750 faciendum
528 1711 567 1751 a
607 1690 760 1756 Deo
803 1687 1228 1751 determinata
1269 1687 1370 1754 sit.
1468 1689 1574 1752 Sic
1624 1689 1817 1774 igitur
1858 1698 2174 1766 Monades

103 1805 184 1866 in
229 1807 484 1898 actione
527 1823 594 1870 et
633 1804 1133 1891 apperceptione
1172 1805 1348 1866 inter
1389 1825 1457 1867 se
1499 1822 1729 1869 natura
1771 1813 1871 1872 vel
1914 1817 2179 1902 propria

106 1921 658 1986 determinatione
701 1940 768 1986 et
807 1923 1006 2008 gratia
1049 1924 1154 1987 vel
1194 1922 1539 1987 harmonia
1580 1925 1659 1986 ab
1702 1929 1992 1993 absoluta
2034 1955 2178 1998 mo-

106 2038 286 2103 nade
326 2041 759 2126 praestabilita
803 2039 1228 2104 concordant.

279 2191 640 2255 Leibnitius
670 2191 868 2276 igitur
907 2186 1300 2256 Monad'ibus
1346 2187 1669 2274 quandam
1712 2190 1787 2254 in
1827 2213 1897 2258 se
1937 2198 2181 2282 perfee-

109 2312 406 2388 tionem,
449 2324 862 2373 constantem
904 2306 1360 2373 affirmationis
1403 2307 1671 2372 modum
1704 2311 1949 2380 tribuit.
2025 2320 2183 2396 ·„Se-

112 2429 339 2515 quitur
391 2427 614 2492 Deum
671 2448 816 2492 esse
868 2430 1156 2493 absolute
1211 2426 1607 2507 perfectum3
1665 2450 1816 2493 cum
1867 2433 2184 2513 perfectio

111 2568 260 2609 non
314 2546 433 2623 sit,
502 2546 630 2608 nisi
679 2544 1060 2631 magnitudo
1114 2544 1419 2610 realitatis
1475 2547 1825 2629 positivae,
1889 2555 2185 2636 sepositis

112 2686 341 2727 rerum
383 2662 911 2726 limitationibus:
959 2662 1247 2744 sequitur
1302 2666 1533 2739 etiam,
1589 2658 1908 2728 creaturas
1950 2668 2185 2735 habere

71 2764 82 2771 ’
114 2779 558 2867 perfectiones
602 2802 750 2845 suas
795 2783 875 2843 ab
916 2779 1170 2844 influxu
1211 2781 1373 2858 Dei,
1427 2778 1541 2843 sed
1580 2780 2105 2865 imperfectiones
2148 2808 2187 2849 a

115 2900 386 2985 propria
412 2914 681 2975 natura,
721 2897 1066 2962 Essentiae
1108 2898 1252 2962 sine
1280 2896 1595 2960 limitibus
1623 2900 1903 2979 capaci·“
1941 2901 2193 2982 (Pa-ine.

116 3016 363 3101 philos.
435 3014 493 3095 §.
525 3016 806 3083 XXXIX.
848 3014 1010 3095 XL.)
1097 3015 1167 3079 Si
1211 3014 1569 3078 accuratius
1614 3014 1795 3077 hunc
1836 3020 2191 3081 terminum

121 3133 496 3210 examines,
545 3131 930 3196 monadibus
961 3132 1061 3197 sui
1103 3131 1303 3216 ipsius
1332 3130 1926 3195 manifestationem
1970 3155 2196 3200 revera

126 3250 614 3314 concedendam
643 3272 918 3337 eamque
927 3250 1217 3333 formae
1257 3248 1681 3310 totalitatem
1710 3270 1851 3313 esse
1892 3255 2197 3335 reperies.

133 3369 229 3432 Et
269 3386 376 3445 est
418 3390 576 3433 sane
631 3369 1006 3454 gravissima
1046 3366 1268 3444 notio,
1338 3365 1510 3451 quod
1551 3366 1853 3431 Monadis
1896 3370 2201 3437 mutatio·

125 3506 252 3549 nes
303 3502 372 3548 ut
415 3486 700 3549 actiones
745 3488 888 3549 sine
946 3485 1320 3571 passivitate
1364 3488 1463 3549 vel
1504 3486 1614 3545 sui
1665 3486 1877 3568 ipsius
1916 3486 2203 3567 mamfo-

124 3604 464 3665 stationes
507 3604 988 3689 concipiuntur.
1074 3606 1296 3687 Itaque
1341 3601 1696 3665 secundum
1758 3602 1917 3667 illud
1957 3602 2207 3668 Indivi·

129 3720 456 3783 duationis
485 3721 883 3807 principium
926 3720 1141 3783 finitas
1185 3720 1261 3783 in
1302 3739 1380 3781 eo
1423 3722 1736 3784 consistat
1773 3740 2043 3783 necesse
2084 3736 2208 3798 est,

133 3837 313 3922 quod
356 3840 732 3901 'substantia
789 3860 826 3901 a
880 3838 1090 3902 forma
1146 3835 1456 3914 discreta,
1522 3854 1589 3901 et
1640 3854 1781 3901 tum
1835 3838 1947 3901 illa
1998 3836 2207 3917 finita,

137 3938 304 4017 haec
347 3956 604 4019 infinita
651 3958 759 4024 sit.

313 4089 435 4153 Sed
481 4111 664 4152 nunc
703 4090 776 4151 in
821 4092 1145 4155 absolutae
1190 4086 1493 4155 Monadis
1525 4089 1807 4152 'notione
1834 4108 1973 4155 non
2000 4088 2213 4151 solum

143 4210 254 4272 illa
299 4209 621 4271 absolutae
666 4206 914 4271 formae
959 4226 1020 4271 et
1065 4208 1369 4271 materiae
1414 4207 1663 4285 unitas,
1717 4206 1830 4271 sed
1872 4207 2069 4271 etiam
2110 4224 2213 4278 reg
