2588 4687
729 211 744 242 ἱ

373 529 706 596 infinitum
725 575 744 607 ,
791 530 902 594 sed
931 533 1004 596 in
1031 533 1156 608 hoc
1190 534 1383 611 illud,
1426 536 1499 596 in
1525 535 1635 594 illo
1664 532 1792 596 hoc
1818 533 2129 594 exsistere
2156 515 2370 592 debet.

1168 279 1282 302 -μ-
1372 251 1449 312 10
1540 283 1653 302 ...-

374 413 710 478 Infinitum
753 411 947 497 igitur
987 434 1128 476 non
1174 429 1361 478 extra
1405 414 1703 488 linitum,
1780 411 2035 472 finitum
2082 431 2224 472 non
2268 429 2464 474 extra

1011 705 1062 758 2.
1135 703 1489 777 Principium
1510 698 1795 772 formale.

541 802 864 882 Quoniam
914 805 1080 887 apud
1139 805 1488 888 Spinozam
1548 825 1736 866 mens
1797 823 1941 864 non
2004 801 2260 863 sibimet
2322 799 2452 877 ipsi
2551 851 2572 923 J

370 922 717 1003 objectum,
764 923 876 988 sed
907 945 1162 1008 corpus,
1207 924 1499 1015 affectus,
1532 923 1719 985 Deus
1761 921 1966 982 menti
2000 917 2451 1002 cognoscenda
2570 931 2572 962 Ι

370 1040 617 1120 objecta
660 1059 1162 1124 proponuntur,
1231 1040 1443 1102 forma
1489 1061 1745 1122 quoque
1790 1038 1863 1098 in
1908 1052 2261 1119 systemate
2307 1037 2448 1114 ejus

367 1177 509 1218 non
551 1160 638 1220 ita
681 1160 776 1220 rei
821 1159 1002 1220 unita
1047 1175 1179 1231 est,
1245 1174 1317 1219 ut
1355 1159 1525 1218 nihil
1572 1159 1698 1218 nisi
1742 1155 2045 1239 proprius
2090 1153 2183 1212 rei
2230 1169 2449 1213 motus

369 1275 478 1343 sit.
566 1277 799 1358 Logica
830 1294 1046 1338 tamen
1089 1279 1190 1338 vel
1237 1277 1625 1359 syllogistica
1660 1276 1871 1358 potius
1906 1271 2447 1334 scholasticorum

366 1394 710 1456 methodus
754 1410 1017 1475 propter
1060 1415 1323 1477 puram,
1380 1393 1451 1452 in
1499 1414 1687 1474 quam
1736 1391 2273 1472 degeneraverat,
2316 1386 2443 1446 for·

363 1512 754 1586 malitatem,
816 1491 1132 1594 Spino{ae
1177 1531 1318 1570 non
1364 1511 1595 1572 arrisit.
1683 1508 2028 1589 Analytica
2076 1507 2270 1567 etiam
2302 1505 2441 1578 xia,

367 1651 493 1716 qua
539 1629 858 1692 Cartesius
905 1627 1204 1711 inprimis
1249 1627 1534 1702 incessit,
1580 1646 1721 1686 non
1764 1625 1917 1686 satis
1948 1623 2129 1684 firma
2172 1638 2238 1682 et
2282 1639 2441 1683 stre·

361 1767 498 1810 uua
538 1745 619 1809 ad
663 1762 904 1806 certam
964 1745 1246 1808 veritatis
1309 1743 1942 1805 demonstrationem
2002 1741 2059 1801 ei
2105 1741 2247 1802 visa
2311 1756 2437 1806 est..

359 1868 584 1948 Itaque
630 1862 1063 1943 syntheticam
1111 1862 1181 1922 in
1225 1863 1619 1946 geometrico
1663 1859 1981 1946 probandi
2040 1881 2219 1920 more
2266 1859 2438 1920 viam

361 1978 670 2044 adhibuit.
753 1977 869 2058 (cf.
929 1977 1213 2061 Spinoza
1269 1977 1523 2059 saepius
1582 1980 1662 2039 in
1705 1977 2015 2062 epistolis.
2104 1979 2432 2036 Praeterea

359 2100 432 2162 1..
478 2098 728 2176 Meyeri
775 2093 851 2154 ad
898 2093 1178 2176 princip.
1219 2094 1377 2179 phil·
1421 2094 1923 2179 praefationem,
1976 2095 2049 2155 in
2094 2093 2193 2158 ed.
2238 2095 2435 2158 Pauli.

357 2215 440 2282 T.
469 2215 518 2276 1.
560 2235 629 2296 p.
664 2215 741 2276 v.
771 2213 910 2290 v1.)

535 2362 858 2445 Spinozae
901 2360 1199 2443 quidem,
1253 2362 1565 2424 scientiae
1607 2362 1706 2443 jus
1752 2382 1974 2437 suum,
2032 2366 2431 2446 argumentis

353 2596 592 2663 sectam
632 2593 1188 2675 justificationem,
1245 2597 1531 2657 tribuere
1574 2595 1649 2655 in
1692 2594 1915 2657 animo
1959 2593 2113 2671 fuit,
2178 2614 2242 2657 et
2285 2618 2431 2657 non

352 2714 490 2777 nisi
533 2712 614 2775 ad
653 2714 836 2775 hunc
879 2713 1075 2777 finem
1121 2714 1646 2776 mathematicam
1692 2712 2075 2775 methodum
2120 2716 2427 2791 instituit,

353 2802 798 2921 quippequae
845 2851 1170 2891 summum
1217 2829 1623 2893 certitudinis
1662 2830 1925 2913 gradum
1975 2830 2217 2894 afferre
2258 2833 2427 2895 vide·

347 2935 567 3010 batur-⁵
639 2947 802 3009 Inde
836 2946 1278 3021 definitiones,
1324 2948 1670 3024 axiomata,
1716 2948 2134 3025 theoremata,
2162 2949 2429 3011 demon·

345 3065 732 3135 strutiones,
802 3067 1080 3142 Scholia,
1153 3067 1546 3143 Corollaria,
1614 3070 1954 3129 Lemmata
2009 3082 2131 3131 etc.
2176 3084 2422 3132 exorta.

345 3184 508 3261 sed,
569 3204 810 3269 quanta
851 3190 928 3249 in
972 3189 1262 3271 singulis,
1304 3189 1389 3251 sit
1433 3186 1653 3251 stricta
1694 3185 1883 3267 hujus
1928 3184 2233 3246 methodi.
2266 3206 2422 3245 con·

345 3301 726 3384 sequentia,
780 3304 1134 3367 necessitas
1175 3305 1313 3387 ejus
1356 3302 1782 3366 nihilominus
1826 3300 2120 3363 formalis
2168 3318 2420 3363 tantum

342 3419 708 3482 intellectus
751 3418 920 3482 finiti
959 3438 1095 3497 est,
1165 3422 1276 3506 qui
1322 3443 1392 3485 se
1435 3439 1619 3484 extra
1664 3420 2061 3504 cognitionis
2096 3422 2421 3503 objectum

339 3552 548 3607 tenet.
633 3535 934 3620 Cognitio
977 3536 1170 3619 igitur
1213 3554 1483 3601 externa
1528 3537 1625 3599 rei
1666 3536 1935 3599 reflexio
1978 3553 2236 3613 manet,
2296 3560 2421 3619 qua

337 3654 424 3719 de
467 3674 659 3719 causa
700 3671 838 3717 tota
879 3652 1040 3716 adeo
1084 3654 1458 3736 systematis
1505 3656 1853 3739 explicatio
1898 3672 2171 3717 externa
2216 3657 2421 3717 nomi·

337 3772 559 3836 nanda
601 3788 720 3839 est.
805 3773 1002 3835 Ratio
1053 3794 1239 3850 vero,
1304 3796 1468 3857 quae
1524 3776 1698 3838 inter
1757 3775 1931 3843 hanc
1986 3772 2416 3855 dogmaticam

341 3906 408 3953 et
448 3910 667 3953 veram
713 3890 1154 3975 philosophiae
1196 3889 1574 3953 methodum
1612 3893 1927 3963 interest,
1988 3911 2025 3951 a
2064 3890 2419 3973 compluri-

343 3990 464 4069 bus
513 4024 644 4067 tam
691 4008 1053 4070 luculenter
1095 4009 1354 4092 jamjam
1402 4009 1841 4073 demonstrata
1888 4025 2017 4084 est,
2084 4024 2157 4071 ut
2205 4008 2419 4070 defec-

2549 1004 2560 1073 l

2544 1076 2565 1941 i

356 2478 576 2547 solidis
633 2493 700 2541 et
756 2493 932 2541 arcto
991 2468 1413 2559 singularium
1476 2476 1926 2559 cognitionum
1988 2500 2295 2540 connexu
2340 2481 2432 2542 ef·-
2548 2503 2569 3051 Ι

350 4136 494 4187 tum
539 4126 712 4209 ejus,
786 4124 894 4205 qui
933 4126 1010 4186 in
1055 4147 1132 4187 eo
1178 4144 1467 4201 constat,
1546 4128 1717 4211 quod
1762 4126 2232 4210 argumentatio
2276 4148 2418 4187 non
