2588 4687
1148 261 1592 318 ...s-...-

602 427 673 498 4.
780 429 857 494 In
908 427 1235 520 Spinozae
1284 425 1774 518 philosophiam
1829 425 2154 492 transitus.

520 591 696 654 Hinc
725 613 877 656 vero
907 591 1319 654 Cartesianae
1353 587 1800 672 philosophiae
1835 589 1906 649 in
1936 589 2149 664 aliam,
2192 589 2450 672 Spino-

356 729 473 770 κιο
505 709 765 786 scilicet,
808 711 1116 772 transitus
1150 710 1289 772 sola
1323 707 1796 792 principiorum
1829 708 2297 790 consequentia
2332 729 2448 768 ne-

356 827 670 889 cessarius
715 825 855 889 fuit.
944 831 1109 890 eum
1152 827 1330 888 enim
1376 827 1448 885 in
1489 846 1562 885 ea
1596 823 1672 884 ad
1711 826 1802 884 rei
1837 843 2148 886 extensae
2180 847 2329 884 cum
2367 847 2448 886 re

359 945 680 1028 cogitante
724 946 1037 1006 unionem
1083 945 1309 1004 tertiae
1367 943 1759 1004 substantiae
1803 941 2166 1002 assistentia
2206 943 2448 1004 imme·

358 1058 531 1123 diste
560 1063 993 1142 acciperetur,
1040 1061 1195 1123 duas
1237 1063 1389 1124 istas
1437 1060 1822 1122 substantias
1868 1059 2256 1121 substantias
2299 1082 2452 1120 non

360 1197 523 1254 csse,
553 1177 740 1241 facile
764 1180 1028 1263 intelligi
1048 1181 1279 1262 potuit.
1325 1179 1495 1240 Nam
1525 1198 1816 1260 quaeque
1847 1177 2202 1239 substantia
2232 1176 2311 1237 ad
2345 1181 2447 1238 ab·

360 1297 639 1359 solutam
670 1298 1113 1360 exsistentiam
1156 1297 1318 1358 alius
1351 1295 1636 1378 indiget,
1681 1295 1980 1376 quoniam
2025 1294 2098 1353 in
2141 1317 2258 1356 suo
2286 1297 2450 1359 Esse

366 1414 463 1478 sui
486 1433 879 1500 conceptum
904 1436 1043 1476 non
1063 1418 1251 1499 plane
1275 1414 1574 1480 involvit.
1617 1413 1762 1474 Nec
1793 1414 1998 1473 solum
2015 1411 2142 1472 hoc
2167 1412 2447 1490 defectu,

364 1527 477 1593 ced
517 1552 597 1593 eo
630 1553 887 1616 quoque
932 1532 1286 1596 substantia
1331 1532 1932 1594 substantialitatem
1976 1529 2224 1613 perdit,
2273 1531 2452 1613 quod

364 1668 497 1710 una
524 1651 879 1714 substantia
910 1654 1205 1726 alteram,
1244 1671 1346 1712 res
1380 1666 1650 1712 extensa
1681 1648 2102 1732 cogitantem,
2145 1668 2248 1710 res
2279 1650 2456 1732 cogi-

362 1778 510 1830 tans
532 1783 875 1852 ‘extensam
908 1769 1029 1834 sibi
1058 1769 1342 1831 invicem
1376 1767 1732 1851 oppositam
1765 1765 1976 1829 habet.
2022 1769 2104 1826 In
2137 1767 2324 1827 omni
2353 1789 2455 1828 au-

363 1895 497 1944 tem
529 1886 938 1968 oppositione
981 1887 1247 1968 negatio
1291 1885 1499 1960 adest,
1531 1885 1682 1966 quia
1711 1883 1811 1959 id,
1859 1882 2027 1967 quod
2075 1884 2454 1966 oppositum

360 2013 485 2076 nst,
515 2020 620 2075 eo,
648 2001 752 2061 cui
784 2002 1160 2087 opponitur,
1186 2018 1378 2078 caret,
1408 2000 1578 2062 unde
1609 2001 1928 2064 essentiae
1957 1999 2286 2082 cujusdam
2319 2001 2474 2076 exi·-

363 2113 599 2180 ‘tentia
615 2121 926 2202 sequitur,
954 2141 1114 2204 quae
1130 2119 1478 2201 nonhujus
1504 2120 1822 2180 essentiae
1839 2118 2246 2193 exsistentia,
2278 2117 2460 2201 quod

360 2228 445 2296 de
470 2253 543 2297 re
581 2251 857 2300 extensa
884 2257 1027 2299 non
1056 2237 1268 2300 minus
1301 2259 1490 2318 quam
1523 2235 1602 2297 de
1647 2258 1716 2296 re
1743 2235 2066 2317 cogitante
2093 2235 2456 2298 dicendum

360 2366 483 2415 cst.
584 2358 805 2436 ltaque
834 2355 975 2421 illas
1006 2357 1394 2418 substantias
1429 2354 1985 2417 substantialitatis
2017 2354 2279 2417 notioni
2311 2376 2460 2417 non

361 2465 743 2549 adaequatae
772 2486 837 2532 et
868 2470 1291 2533 substantiam
1309 2486 1560 2532 tantum
1596 2491 1796 2531 unam
1831 2490 1974 2533 esse
2003 2490 2241 2552 posse,
2289 2494 2460 2535 con·

362 2585 697 2649 cludamus
731 2608 997 2651 necesse
1025 2604 1165 2665 est,
1203 2608 1394 2672 quam
1430 2589 1920 2649 conclusionem
1957 2591 2280 2653 Cartesius
2311 2592 2459 2674 ipse

362 2702 493 2786 jam
520 2702 851 2782 indicavit,
890 2728 1037 2768 cum
1070 2705 1143 2767 in
1174 2706 1382 2769 Princ.
1415 2707 1643 2769 Philos.
1679 2709 1837 2767 Part.
1871 2709 1916 2770 1.
1961 2708 2092 2770 No.
2119 2713 2224 2775 51.
2259 2709 2459 2769 dicit:

363 2840 483 2906 pet·
524 2820 947 2885 substantiam
997 2822 1165 2883 nihil
1204 2821 1376 2883 aliud
1419 2824 1797 2907 intelligere*
1817 2844 2166 2903 possumus
2193 2872 2211 2899 ,
2257 2849 2462 2909 quam

364 2960 529 3019 rem,
562 2932 733 3024 ⁵quae
774 2942 865 3002 ita
908 2941 1197 3019 exsistit,
1246 2957 1318 3004 ut
1345 2943 1524 3003 nulla
1566 2965 1636 3003 re
1679 2940 1965 3023 indigeat
2009 2943 2090 3005 ad
2129 2944 2465 3007 exsisten-

366 3054 543 3121 dum.
632 3058 721 3122 Et
750 3059 1008 3143 quidem
1042 3059 1440 3137 substantia,
1485 3081 1650 3143 quae
1679 3059 1871 3142 plane
1901 3063 2079 3123 nulla
2107 3062 2226 3121 alia
2255 3082 2328 3123 re
2356 3061 2458 3122 in-

365 3172 617 3257 digeat,
656 3177 799 3240 Ens
846 3179 1111 3241 unicum
1158 3195 1412 3242 tantum
1461 3188 1608 3241 es'se
1653 3192 1888 3261 potest,
1947 3199 2192 3259 nempe
2235 3180 2465 3255 Deus3

368 3290 527 3351 aliae
556 3308 770 3353 autem
801 3314 907 3357 res
955 3316 1183 3357 omnes
1228 3296 1498 3357 nonnisi
1545 3316 1673 3377 ope
1715 3316 2072 3371 concursus
2115 3294 2253 3357 Dei
2287 3294 2462 3357 exsi-

367 3422 536 3471 stere
580 3423 868 3489 possunt.
923 3443 1010 3458 --
1092 3409 1312 3492 Atque
1348 3409 1496 3472 ideo
1533 3432 1784 3472 nomen
1820 3414 2266 3473 Saba-tanciae
2312 3430 2466 3471 non

366 3523 677 3587 convenit
719 3525 871 3589 Deo
916 3542 979 3587 et
1021 3526 1143 3587 illis
1188 3529 1516 3599 univoce,
1578 3544 1647 3588 ut
1690 3527 1822 3589 dici
1869 3533 2032 3593 solet
2076 3530 2152 3593 in
2195 3528 2469 3603 scholis,

365 3643 433 3711 h.
466 3665 520 3709 e.
570 3646 745 3707 nulla
775 3642 1059 3705 nominis
1090 3643 1223 3725 ejus
1269 3644 1653 3728 significatio
1683 3664 1896 3729 potest
1925 3648 2236 3713 distincte
2266 3648 2464 3711 intel·

367 3760 479 3846 ligi
498 3805 517 3838 ,
556 3784 719 3846 quae
744 3764 897 3829 Deo
926 3778 991 3827 et
1030 3764 1340 3829 creaturis
1371 3766 1454 3828 sit
1485 3786 1696 3827 comm
1709 3766 1878 3829 unis-
