2588 4687
1220 307 1697 366 „42ss
2569 133 2574 342 Ι

443 486 509 533 et
550 467 765 530 inanis
809 466 1105 550 repetitio
1154 467 1340 530 aliter
1389 469 1592 552 accipi
1637 488 1778 528 non
1805 482 2053 550 potest,
2099 487 2290 552 quam
2341 466 2525 552 quod

448 585 759 669 Spinoza,
820 584 1045 647 Deum
1101 607 1243 649 non
1297 586 1429 652 nisi
1489 585 1911 650 substantiam
1967 604 2142 663 esse,
2207 605 2526 670 expresse

450 721 723 766 monere
762 702 1055 770 voluerit.

1156 890 1209 946 2.
1280 891 1388 943 Dei
1429 887 1790 943 Praedicata.

661 990 981 1078 Spinozae
1026 989 1107 1054 de
1147 993 1337 1069 Deo,
1383 995 1494 1078 qui
1536 995 1611 1055 in
1655 1011 1726 1055 se
1769 1009 1909 1055 esse
1953 989 2302 1074 cogitatur,
2363 971 2528 1055 doc-⁸

454 1110 662 1189 trina,
704 1130 846 1173 non
871 1109 1001 1174 nisi
1026 1126 1369 1195 propterea
1401 1107 1821 1195 vituperanda
1849 1129 1990 1172 esse
2023 1107 2298 1188 videtur,
2343 1109 2520 1195 quod

454 1228 755 1291 attributa
807 1225 1029 1290 omnia
1083 1227 1158 1288 in
1213 1251 1452 1312 purum
1507 1228 1802 1290 Nihilum
1861 1225 2142 1290 resolvit.
2243 1229 2391 1307 Qua
2443 1247 2518 1289 re

456 1361 686 1407 contra
725 1343 983 1406 linitum
1027 1343 1462 1422 intellectum,
1532 1346 1641 1430 qui
1699 1346 1898 1408 fixam
1938 1343 2013 1405 in
2053 1343 2206 1406 Deo
2253 1344 2519 1405 attribu-

455 1477 671 1526 torum
733 1460 1173 1525 differentiam
1216 1462 1444 1546 ponit‚
1517 1463 1762 1547 optimo
1817 1463 1956 1547 jure
1998 1459 2355 1546 praeditus,
2419 1462 2520 1521 ni·
2573 1407 2580 1532 i

454 1577 809 1644 hiiominus
866 1581 940 1641 in
995 1579 1165 1642 aliud
1221 1578 1454 1642 incidit
1511 1579 1775 1656 vitium,
1842 1600 2082 1662 nempe
2137 1580 2391 1640 nullum
2444 1579 2520 1638 in
2577 1601 2582 1680 ἶ

454 1696 612 1760 Deo
655 1696 1015 1760 discrimen
1059 1713 1360 1763 statuere.
1442 1696 1804 1761 Dialectice
1861 1696 2029 1756 finiti
2085 1695 2348 1780 quidem
2415 1695 2521 1754 in·
2579 1697 2581 1730 ¹

456 1815 747 1876 tellectus
804 1813 887 1876 de
944 1815 1099 1877 Deo
1160 1813 1607 1891 definitiones,
1678 1830 2031 1876 creatorem
2094 1833 2130 1874 a
2173 1811 2520 1886 creatione,
2577 1843 2582 1846 ·

458 1929 861 1992 intellectum
905 1951 942 1991 a
986 1932 1328 1994 voluntate
1385 1947 1788 2015 separantes,
1859 1929 2206 2014 negatione
2250 1929 2325 1990 in
2366 1921 2520 2013 ipsis
2573 1955 2584 1988 >

458 2047 673 2132 posita
719 2044 1029 2110 dissolvit.
1116 2049 1275 2110 Cum
1322 2069 1478 2112 vero
1526 2049 1601 2109 in
1641 2048 1795 2110 Deo
1855 2048 2098 2108 nullam
2144 2046 2522 2129 negativita-
2577 2053 2584 2086 ³

462 2177 597 2223 tem
642 2179 879 2245 ponat,
952 2164 1177 2226 omnia
1232 2165 1342 2226 illa
1387 2163 1764 2227 discrimina
1819 2185 1960 2226 non
1999 2165 2170 2227 velut
2213 2163 2524 2225 essentiae
2579 2169 2583 2202 ἵ

464 2276 723 2342 divinae
768 2297 1113 2345 momenta
1154 2279 1581 2361 determinat,
1655 2281 1767 2347 sed
1825 2281 2176 2367 negatione
2233 2301 2376 2343 non
2417 2282 2525 2342 ite·
2581 2290 2583 2300 '

460 2421 611 2462 rum
652 2417 885 2483 negata
924 2400 1327 2485 ‘discrimina
1383 2402 1604 2465 omnia
1645 2404 1841 2483 plane
1886 2400 2262 2485 exstinguit,
2300 2400 2415 2477 ita,
2460 2414 2524 2460 ut

462 2536 687 2581 revera
726 2516 930 2595 nihil,
995 2516 1129 2581 nisi
1172 2517 1360 2581 notio
1406 2539 1632 2583 causae
1677 2520 1809 2596 sui,
1876 2519 2054 2605 cujus
2093 2518 2385 2581 essentia
2425 2538 2525 2580 ex·¹
2569 2546 2581 2565 τ

466 2631 829 2697 sistentiam
886 2635 1196 2713 involvit,
1284 2636 1531 2721 reliqua
1585 2638 1690 2699 sit.
1817 2630 2005 2700 Hanc
2087 2634 2524 2699 admirandam
2580 2610 2582 2623 ἱ

463 2769 624 2812 sane
684 2752 1005 2834 Spinozae
1063 2753 1450 2837 theologiam
1522 2776 1705 2817 nunc
1759 2754 2041 2819 breviter
2095 2773 2522 2838 exponamuS,

464 2866 615 2949 quia
656 2866 852 2931 etiam
890 2868 969 2930 in
1026 2890 1102 2934 ea
1157 2870 1461 2954 inprimis
1522 2871 1916 2955 objectiones
1971 2888 2204 2935 contra
2242 2871 2524 2955 philoso-

464 2984 669 3069 phum
727 3002 1029 3050 nostrum
1088 2987 1390 3052 conditae
1445 3006 1632 3067 sunt,
1711 3010 1866 3074 quas
1921 3006 2140 3077 postea
2197 2988 2518 3052 succincto
2582 3044 2584 3057 s

470 3124 661 3169 cursu
701 3104 1123 3176 illustremus.

678 3242 955 3303 Causam
1018 3241 1114 3305 sui
1173 3244 1274 3305 vel
1334 3244 1757 3306 substantiam
1813 3260 2070 3305 tantum
2127 3263 2334 3301 unam
2397 3260 2526 3304 esse

469 3371 704 3435 posse,
774 3371 966 3416 antea
1016 3357 1278 3440 jamjam
1331 3361 1682 3442 probatum
1739 3378 1854 3425 est.
1951 3362 2033 3423 In
2087 3360 2338 3423 unitate
2397 3360 2526 3423 sub·

468 3468 746 3533 stantiae
788 3488 930 3531 eam
977 3472 1193 3535 omnis
1240 3460 1801 3541 determinationis
1859 3499 1974 3541 seu
2015 3477 2386 3563 negationis
2429 3496 2530 3537 ne·

474 3587 805 3673 gationem
852 3608 999 3651 esse
1040 3590 1354 3673 implicite
1398 3594 1789 3665 continetur.
1877 3577 2044 3661 Cum
2094 3618 2252 3659 vero
2281 3595 2531 3657 finitum

473 3721 731 3767 tantum
775 3707 1187 3791 negationem
1232 3708 1551 3789 involvat,
1607 3714 1996 3793 substantia,
2065 3715 2312 3775 nullam
2355 3731 2532 3793 nega·
2577 3668 2586 3757 i

474 3824 722 3887 tionem
764 3826 1143 3905 involvens,
1215 3830 1582 3893 necessario
1639 3831 1920 3913 infinita
1961 3848 2080 3901 est.
2167 3832 2367 3893 Porro
2409 3848 2534 3889 una

472 3955 539 4000 et
578 3941 835 4007 infinita
880 3945 1240 4009 substantia
1299 3968 1448 4011 cum
1489 3949 1672 4012 nullo
1729 3950 1892 4024 alio,
1951 3949 2086 4013 nisi
2133 3964 2344 4011 semet
2383 3948 2534 4032 ipsa,

474 4055 977 4138 determinetur,
1049 4065 1120 4125 in
1180 4082 1249 4126 se
1293 4065 1488 4128 etiam
1531 4069 1677 4127 sine
1723 4068 2110 4127 mutatione
2152 4086 2292 4131 esse
2331 4064 2534 4129 debet.

476 4173 799 4255 Quicquid
858 4179 1037 4240 enim
1101 4179 1376 4257 mutari,
1449 4181 1518 4245 id
1567 4203 1824 4266 quoque
1868 4184 2092 4265 negari
2134 4200 2372 4268 potest.
2469 4184 2541 4245 In
2573 4236 2586 4253 ,
