2588 4687
1210 360 1692 420 -38—

440 537 735 608 ceptum,
803 541 943 584 non
998 521 1277 606 cogitare
1331 543 1473 584 non
1529 535 1769 604 potest.
1851 519 2047 601 Cujus
2089 517 2185 578 rei
2229 514 2517 578 demon:
2565 537 2567 546 ⁴

437 639 817 704 strationem
876 638 1159 719 Spinoza
1200 639 1352 702 {hac
1409 635 1835 701 conclusione
1889 635 2230 718 explanat:
2305 631 2514 712 (Eth.
2565 655 2567 688 ε

436 759 505 826 Ρ.
528 756 613 822 11.
668 760 851 842 Prcp.
892 755 1492 837 XLV—XLVII).
1580 762 1642 822 1.
1699 755 2142 836 Unaquaeque
2198 749 2512 832 cujusque

438 875 762 960 corporis,
819 877 919 937 vel
962 875 1056 937 rei
1102 872 1480 957 singularis,
1538 887 1682 934 actu
1727 867 2138 944 exsistentis,
2179 865 2326 928 idea
2365 865 2509 930 Dei

438 1007 768 1056 aeternam
842 1007 909 1054 et
971 991 1299 1053 infinitam
1361 988 1716 1058 ¹essentiam
1790 983 2155 1048 necessario
2210 981 2509 1049 involvit.

438 1115 502 1176 2.
568 1107 867 1193 Cognitio
911 1127 1214 1173 aeternae
1257 1127 1322 1172 et
1361 1108 1657 1170 infinitae
1699 1105 2023 1170 essentiae
2061 1103 2234 1178 Dei,
2307 1122 2508 1184 quam

438 1245 860 1310 unaquaeque
920 1223 1066 1288 idea
1118 1226 1434 1296 involvit,
1519 1240 1620 1286 est
1671 1221 2016 1306 adaequata
2077 1237 2143 1282 et
2197 1220 2503 1304 perfecta.

436 1341 616 1427 Ergo
660 1351 721 1411 3.
792 1348 986 1408 Mens
1030 1344 1318 1406 humana
1362 1342 1780 1427 adaequatam
1821 1341 2016 1404 habet
2059 1339 2507 1422 cognitionem

440 1476 742 1524 aeternae
782 1445 863 1523 ‘et
916 1461 1211 1525 infinitae
1273 1463 1592 1525 essentiae
1648 1458 1804 1524 Dei.
1915 1461 1996 1520 In
2055 1455 2307 1518 Scholio
2363 1473 2506 1517 tum

438 1579 637 1640 verba
678 1575 929 1661 adjicit:
1001 1578 1177 1641 Hinc
1232 1576 1560 1654 videmus,
1615 1575 1751 1640 Dei
1788 1573 2110 1636 infinitam
2155 1573 2506 1637 essentiam
2567 1657 2569 1660 Α

442 1692 709 1780 ejusque
742 1694 1193 1757 aeternitatem
1240 1693 1540 1756 omnibus
1584 1712 1726 1755 esse
1767 1707 2020 1757 notam.

938 1836 1025 1890 7„
1080 1809 1191 1863 Dei
1229 1809 1360 1863 idea
1401 1817 1487 1863 est
1529 1823 1747 1862 summa
1767 1805 2006 1862 writas.

688 1897 835 1960 Nec
890 1899 1188 1962 consistit
1242 1899 1529 1982 Spinoza
1583 1897 1660 1957 in
1713 1892 2046 1980 probanda
2107 1893 2510 1971 necessitate,

448 2011 626 2098 quod
664 2013 801 2079 Dei
843 2013 989 2079 idea
1030 2032 1099 2080 et
1142 2037 1294 2080 vera
1337 2032 1403 2079 et
1443 2014 1748 2080 universa
1791 2013 2086 2091 exsistat,
2151 2011 2264 2076 sed
2304 2011 2509 2096 pergit

443 2128 529 2193 ed
568 2130 1019 2214 probandum,
1086 2132 1262 2218 quod
1303 2131 1590 2196 idearum
1639 2130 1941 2195 omnium
1984 2129 2332 2212 adaequata
2375 2128 2510 2192 Dei

443 2244 591 2308 idea
644 2268 900 2312 summa
956 2249 1041 2316 sit
1095 2251 1352 2315 veritas.
1439 2252 1834 2314 Cum-enim
1889 2250 1964 2312 in
2005 2249 2128 2313 Dei
2168 2247 2313 2310 idea
2369 2249 2510 2332 ipse

439 2366 630 2429 Deus
676 2387 745 2429 se
786 2367 1003 2451 ipsum
1044 2368 1314 2451 cogitet,
1393 2367 1558 2431 haec
1599 2365 1939 2431 idea-sane
1981 2364 2336 2431 secundum
2377 2363 2511 2449 pri·
2569 2354 2571 2415 ἰ

444 2502 623 2545 mam
666 2480 990 2567 Spinozae
1034 2483 1543 2567 suppositionem
1589 2483 2008 2547 materialiter
2051 2503 2336 2559 summa,
2375 2481 2511 2543 for-

446 2600 702 2663 maliter
740 2602 1103 2667 certissima
1157 2604 1394 2667 veritas
1437 2624 1580 2667 esse
1623 2602 1833 2667 debet.
1915 2600 2180 2665 Exinde
2221 2598 2514 2684 Spincza
2569 2676 2571 2687 2

450 2739 709 2803 quoque
766 2739 997 2783 omnes
1056 2719 1233 2782 ideas
1292 2736 1559 2803 eatenus
1603 2740 1786 2785 veras
1827 2739 1977 2784 esse
2020 2718 2212 2794 dicit,
2295 2732 2513 2801 quate·
2569 2730 2571 2761 ¹

447 2854 572 2897 nus
616 2833 699 2897 ad
738 2837 959 2900 Deum
1004 2836 1398 2914 referantur,
1460 2860 1586 2923 qua
1627 2857 1862 2921 magna
1901 2852 1968 2899 et
1996 2835 2250 2898 sublimi
2289 2855 2514 2896 rerum
2569 2826 2571 2869 3

447 2950 797 3015 intuitione
836 2953 1196 3017 Cartesium
1235 2952 1720 3039 quodammodo
1763 2969 2056 3037 superat,
2119 2951 2264 3029 sed,
2299 2951 2515 3035 quoad
2569 2962 2571 2967 '

450 3069 945 3149 certitudinem,
1012 3092 1155 3133 non
1198 3070 1523 3152 devincit3
1584 3092 1743 3134 nam
1783 3105 1872 3119 --
1917 3094 2107 3156 quam
2151 3074 2514 3135 necessaria

451 3186 532 3249 ad
574 3209 793 3252 veram
823 3190 1268 3273 cognitionem
1312 3191 1397 3253 sit
1435 3191 1720 3253 absoluta
1747 3190 1882 3253 Dei
1924 3188 2068 3251 idea
2111 3222 2198 3236 —
2239 3192 2408 3251 clara
2449 3206 2513 3252 et

449 3301 756 3367 distincta
793 3308 902 3365 sui
944 3308 1154 3387 ipsius
1196 3308 1551 3393 perceptio,
1594 3330 1756 3393 quae
1786 3306 1958 3393 apud
1990 3308 2340 3389 Spinozam
2385 3310 2512 3371 hoc

449 3433 741 3502 respectu
784 3418 1021 3484 nullius
1080 3422 1219 3485 fere
1272 3422 1595 3485 momenti
1639 3440 1772 3502 est,
1833 3410 2238 3490 non‘minus
2281 3422 2365 3489 ad
2407 3447 2514 3498 ve·

448 3534 652 3601 ritatis
696 3532 1174 3598 certitudinem
1214 3540 1583 3623 requiritur.

952 3668 1002 3709 c.
1072 3655 1446 3733 Adaequatae
1495 3659 1663 3715 Ideae
1713 3662 2014 3719 Ger-titudo.
2089 3678 2093 3683 “

621 3740 903 3825 Spincza
944 3742 1136 3827 igitur
1183 3744 1600 3833 adaequatam
1643 3748 1859 3814 ideam
1901 3752 2250 3816 habentem
2299 3769 2370 3811 se
2413 3770 2519 3810 eo*-

453 3855 602 3919 dem
646 3857 877 3934 modo,
923 3859 1093 3943 quod
1138 3864 1330 3925 talem
1374 3864 1585 3928 ideam
1627 3867 1890 3946 habeat,
1949 3868 2306 3932 certissime
2351 3868 2520 3929 scire

397 4028 400 4033 ,
456 3977 825 4054 contendit,
873 4002 999 4063 quo
1025 3981 1346 4047 Cartesius
1392 3984 1612 4047 omnia
1655 3988 1895 4069 absque
1938 3982 2134 4047 dubio
2178 4004 2330 4048 vera
2374 4002 2520 4045 esse

246 3822 274 3856 N

457 4092 770 4169 obtinuit,
841 4118 1003 4177 quae
1046 4102 1213 4162 clare
1272 4118 1336 4163 et
1381 4100 1680 4166 distincte
1723 4103 2236 4187 perciperentur.
2313 4099 2521 4193 Sicuti

459 4226 613 4290 ergo
658 4210 983 4277 Cartesius
1027 4215 1101 4277 in
1144 4216 1529 4281 certitudine
1572 4219 1898 4286 veritatem
1923 4263 1942 4297 ,
1982 4220 2073 4283 ita
2119 4218 2414 4306 Spinoza
2456 4218 2524 4282 in
