2588 4687
1208 333 1690 396 ...26.......

422 517 489 564 et
526 498 842 576 medium,
886 520 1011 584 quo
1052 498 1279 564 Deus,
1327 517 1394 562 se
1437 513 1510 558 ut
1553 495 1758 560 finem
1803 515 2214 582 supponem,
2269 495 2488 560 finem

424 620 527 682 vel
553 618 778 681 Deum
816 615 1199 701 assequitur,
1239 616 1428 708 Deus
1458 632 1575 691 est.
1648 615 1932 698 Spinoza
1961 632 2209 691 contra,
2248 615 2484 678 Deum

421 757 505 798 ex
556 749 825 796 naturae
880 754 1035 796 suae
1096 735 1478 796 necessitate
1538 752 1723 816 agere
1781 731 2151 807 affirmans,
2211 755 2482 794 omnem

420 855 573 918 Deo
620 853 1013 915 voluntatem
1058 849 1301 927 aufert,
1371 850 1516 934 quia
1562 847 1916 913 secundum
1977 870 2128 910 eum
2173 851 2362 912 Deus
2409 852 2483 910 in
2579 891 2581 902 ‚

416 972 747 1036 voluntate
789 989 825 1030 a
878 985 1109 1030 natura
1164 988 1306 1029 non
1347 966 1600 1042 differt,
1682 987 1844 1051 quae
1902 961 2160 1028 sibimet
2219 966 2362 1050 ipsa
2409 969 2480 1026 ἱιι

418 1105 633 1163 motu,
698 1085 774 1146 in
813 1085 977 1160 vita,
1045 1086 1119 1146 in
1164 1085 1531 1168 organismo
1593 1083 1965 1146 immediate
2005 1081 2166 1144 finis
2215 1082 2478 1166 quidem

416 1225 551 1286 est,
582 1201 693 1266 sed
733 1221 803 1264 se
846 1201 963 1264 sibi
992 1201 1193 1262 finem
1238 1222 1382 1263 esse
1423 1191 1566 1263 non
1607 1201 1761 1280 scit·,
1805 1203 2104 1263 voluntas
2147 1201 2481 1262 autemdi-
2579 1283 2581 1286 Α

414 1324 604 1398 vina,
678 1321 750 1380 in
791 1339 1131 1404 progressu
1175 1340 1261 1380 ex
1305 1337 1375 1380 se
1415 1319 1487 1380 in
1535 1339 1604 1381 se
1645 1317 2047 1402 regrediens,
2121 1317 2300 1379 hunc
2343 1343 2480 1382 mo·
2580 1363 2581 1368 η

414 1459 554 1502 tum
602 1457 852 1520 semper
886 1437 1006 1498 sibi
1048 1435 1369 1516 patefacit.
1459 1439 1666 1516 Quam
1700 1439 1782 1497 ob
1811 1456 1950 1496 rem
1995 1434 2312 1519 Spinoza,
2355 1437 2476 1500 etsi

417 1574 593 1620 recte
636 1555 715 1616 de
746 1554 1107 1626 ‚voluntatis
1150 1575 1298 1616 cum
1342 1553 1673 1616 intellectu
1716 1554 1965 1615 unitate
2007 1551 2334 1628 docuerit,
2404 1554 2478 1614 in
2579 1627 2581 1636 Ι

416 1697 492 1738 ea
533 1674 614 1735 de
658 1671 875 1735 divina
917 1673 1279 1748 voluntate,
1336 1673 1410 1732 in
1453 1690 1524 1734 se
1566 1685 1881 1753 spectata,
1947 1669 2315 1732 satisfacere
2357 1690 2480 1732 ne-

418 1791 590 1878 quit,
654 1788 961 1873 quoniam
1018 1810 1282 1850 omnem
1345 1787 1418 1848 in
1475 1788 1631 1850 Deo
1686 1787 2082 1850 voluntatem
2125 1788 2478 1870 exstinguit

414 1926 481 1974 et
520 1910 781 1983 Deum,
822 1908 1113 1968 libertate
1157 1922 1519 1979 carentem,
1557 1905 1631 1965 in
1673 1889 1909 1967 statum
1953 1918 2220 1965 naturae
2265 1903 2479 1988 depri-
2579 1919 2581 1970 ξ

418 2026 559 2088 mit.
646 2027 811 2087 Cum
857 2023 1035 2084 enim
1078 2024 1334 2084 libertas
1379 2022 1512 2085 Dei
1555 2021 1958 2086 necessitatis
2003 2019 2258 2085 divinae
2297 2023 2479 2106 prin·
2579 2047 2581 2080 :

415 2142 656 2228 cipi-un
698 2139 813 2214 sit,
877 2140 968 2201 ita
1010 2156 1081 2200 ut
1123 2140 1201 2200 in
1241 2140 1386 2200 Deo
1429 2141 1778 2204 necessitas
1820 2139 2131 2201 libertatis
2177 2162 2475 2202 momen·

415 2275 555 2321 tum
600 2254 1051 2318 tantummodo
1096 2255 1375 2332 efficiat,
1429 2255 1596 2341 apud
1641 2257 1994 2341 Spinozam
2039 2274 2266 2318 contra
2309 2257 2472 2316 nihil

412 2376 545 2440 nisi
586 2393 849 2439 strenua
903 2375 981 2435 in
1020 2375 1173 2437 Deo
1230 2376 1584 2438 necessitas
1639 2390 1899 2456 regnat,
1971 2396 2134 2457 quae
2189 2389 2328 2434 tum
2375 2373 2476 2435 de·

410 2516 595 2555 mum
654 2512 806 2555 vera
858 2484 1116 2553 libertas
1178 2491 1402 2569 fieret,
1468 2494 1524 2554 si
1578 2493 1655 2553 in
1715 2512 1784 2555 se
1824 2490 2280 2553 reflecteretur.
2369 2494 2490 2553 Ju-·

358 2594 367 2605 ¹
413 2610 601 2675 daico
658 2629 842 2671 more
898 2608 1183 2692 Spinoza
1248 2610 1384 2673 Dei
1444 2626 1826 2695 potestatem
1879 2626 1946 2671 et
1999 2609 2473 2683 necessitatem,

316 2764 325 2771 ·
409 2748 555 2791 non
594 2748 752 2792 vero
788 2747 1076 2789 amorem
1120 2729 1253 2811 ejus
1303 2728 1659 2812 perspexit.
1729 2725 1858 2805 (cf.
1899 2726 2280 2806 Schelling,
2322 2748 2473 2789 vom

408 2845 523 2909 leh
566 2847 655 2907 als
698 2844 955 2923 Princip
999 2862 1200 2907 u.s.w.
1246 2845 1480 2912 Philas.
1523 2842 1869 2908 Schriften.
1915 2845 1964 2907 1.
2005 2866 2073 2929 p.
2115 2844 2222 2909 47.
2283 2846 2473 2904 Wa-

408 2960 853 3033 dischmann,
922 2961 1233 3025 kritische
1278 2936 1796 3043 Betrachtungen
1849 2949 2010 3023 iiber
2064 2960 2168 3023 die
2213 2960 2474 3023 Schick·

404 3082 537 3143 sale
580 3080 696 3141 der
737 3079 1142 3165 Philosophie
1184 3101 1384 3145 u.8.w.
1433 3084 1570 3147 125.
1612 3099 1679 3159 P.
1726 3079 2248 3159 106-108.)—
2305 3066 2496 3140 Cum·

404 3198 841 3289 Deus-igitur
896 3219 985 3260 ne
1044 3219 1114 3263 se
1162 3197 1631 3283 quidernvult,
1701 3196 2023 3259 mundum
2067 3218 2286 3258 creare
2331 3219 2470 3259 om-

403 3312 569 3373 nino
611 3333 752 3373 non
807 3330 1043 3393 potest.
1130 3318 1398 3378 Creator
1457 3314 1636 3376 enim
1694 3314 1933 3397 aliquid
1991 3313 2304 3398 producat
2360 3335 2471 3374 ne-

402 3448 586 3491 cesse
630 3443 757 3503 est,
823 3428 1029 3513 quod,
1100 3434 1392 3514 quamvis
1437 3451 1580 3494 non
1622 3453 1658 3492 a
1700 3451 1769 3494 se
1810 3432 2140 3516 primitive
2187 3431 2469 3516 positum

404 3548 521 3621 sit,
586 3563 809 3607 tamen
855 3546 1067 3608 libere·
1093 3548 1167 3608 in
1212 3570 1279 3611 se
1323 3551 1457 3625 vel,
1513 3548 1686 3633 quod
1723 3548 1896 3611 idem
1942 3567 2079 3626 est,
2143 3570 2214 3611 se
2255 3550 2470 3633 ipsum

402 3664 849 3727 determinans
910 3665 1205 3742 exsistat,
1275 3664 1502 3728 eadem
1561 3668 1849 3744 ratione,
1919 3691 2045 3752 qua
2103 3666 2332 3729 artifex
2391 3664 2471 3725 ad

401 3782 746 3845 artificium
778 3784 855 3845 ab
883 3782 1025 3864 ipso
1040 3782 1279 3846 factum
1316 3804 1388 3846 se
1430 3782 1648 3851 refert.
1737 3786 2020 3871 Spinoza
2060 3805 2214 3848 vero
2241 3785 2470 3847 Deum

400 3918 488 3961 ex
516 3902 649 3962 sola
676 3917 944 3964 naturae
972 3920 1121 3963 suae
1148 3903 1532 3967 necessitate
1567 3925 1754 3990 agere
1797 3904 2200 3978 existimans,
2243 3902 2469 3965 Deum

404 4018 597 4079 etiam
638 4037 982 4099 negantem
1012 4020 1234 4085 Deum
1268 4022 1584 4085 mundum
1630 4044 1846 4087 creare
1872 4040 2066 4105 posse
2098 4036 2308 4102 negat.
2354 4022 2471 4079 Ita-

413 4155 537 4216 que
596 4156 741 4194 eum
801 4157 941 4199 non
996 4154 1473 4216 transeuntem,
1553 4140 1664 4205 sed
1721 4143 2187 4203 immanentem
2238 4138 2468 4198 muudi
