2588 4687
1224 343 1339 356 -
1430 305 1511 372 58
1572 283 1741 358 ⁸-·-....

429 476 746 546 flexionis}
767 489 998 538 natura
1029 470 1428 536 invenienda
1456 471 1647 550 esset,
1688 491 1850 556 quae
1882 492 1949 534 se
1980 470 2059 533 ad
2090 492 2157 536 se
2184 472 2499 542 referens,

436 620 506 662 se
551 615 802 679 quoque
835 615 871 654 a
901 612 969 654 se
1001 590 1282 665 dirimit,
1328 613 1453 674 quo
1482 608 1629 652 actu
1662 588 1922 652 demum
1958 611 2104 653 vere
2134 610 2391 674 ponens
2436 607 2499 652 et

431 734 662 778 creans
702 729 820 774 est.
902 712 1088 775 Deus
1127 708 1389 794 quidem
1433 709 1787 772 secundum
1816 708 2203 770 Leibnitium
2236 707 2385 770 fons
2430 725 2497 768 et

423 811 846 896 'exsistentiae
901 845 966 892 et
1007 827 1330 890 essentiae
1368 826 1727 890 Monadum
1774 843 1891 892 est.
1974 831 2259 904 „Verum
2302 827 2494 890 etiam

431 965 570 1028 est,
607 949 682 1009 in
706 949 862 1010 Deo
905 967 1046 1008 non
1081 943 1279 1007 modo
1322 945 1747 1024 essesoncem
1789 940 2355 1020 exsistentiarum,
2397 966 2495 1007 ve·

429 1067 574 1132 r'um
622 1065 810 1128 etiam
841 1063 1325 1138 Essentiarum,
1367 1078 1684 1144 quatenus
1726 1064 1931 1126 reales
1971 1079 2153 1140 sunt,
2191 1079 2302 1124 aut
2332 1063 2491 1145 ejus,

431 1184 600 1271 quod
635 1186 708 1244 in
729 1179 1305 1264 possibiIicacibus
1346 1179 1543 1238 reale
1582 1195 1710 1258 est;
1754 1196 2094 1264 propterea
2125 1180 2486 1243 intellectus

429 1303 686 1368 divinus
731 1317 828 1363 est
869 1298 1083 1382 regio,
1125 1297 1170 1362 i.
1201 1317 1260 1360 e.
1310 1297 1491 1378 quasi
1532 1313 1705 1358 terra
1746 1315 1811 1360 et
1836 1297 2113 1374 fundus,
2152 1299 2489 1360 veritatum

433 1438 842 1485 aeternarum
885 1432 994 1478 aut
1030 1414 1323 1478 idearum
1368 1412 1545 1476 unde
1586 1413 1997 1500 dependent3
2054 1433 2119 1478 et
2166 1417 2309 1478 sine
2348 1417 2486 1500 ipso

427 1540 596 1604 nihil
653 1535 961 1599 realitatis
1016 1532 1186 1596 foret
1239 1532 1315 1594 in
1373 1531 1943 1616 possibilitatibus,
2000 1550 2065 1595 et
2122 1533 2291 1594 nihil
2348 1554 2485 1594 nou

423 1655 622 1722 modo
668 1654 1046 1728 exsisteret,
1110 1649 1223 1713 sed
1265 1651 1465 1712 etiam
1520 1649 1683 1711 nihil
1724 1670 1886 1734 opus
1926 1650 2137 1728 foret;
2190 1651 2484 1714 deficeret

428 1772 609 1838 enim
663 1772 807 1854 ipsa
863 1768 1169 1832 Essentia
1217 1769 1471 1861 prima,
1538 1767 1643 1829 cui
1682 1765 1920 1830 sufficit
1976 1788 2117 1832 esse
2159 1770 2484 1853 possibile,

424 1907 500 1954 ut
540 1890 624 1952 sit
665 1889 929 1951 actuale.
973 1887 1218 1967 (Princ.
1263 1884 1419 1970 phil.
1460 1886 1515 1966 §.
1544 1885 1686 1968 xl.)
1769 1887 1959 1948 Deus
2001 1888 2174 1948 solus
2216 1903 2316 1950 est
2356 1887 2485 1948 uni-

419 2023 516 2070 tas
558 2005 918 2091 primitiva,
981 2023 1222 2088 nempe
1279 2004 1637 2090 substantia
1679 2003 1962 2090 simplex
2003 2021 2068 2067 et
2110 2004 2479 2089 originaria3

421 2125 602 2208 cujus
648 2121 1111 2208 productiones
1154 2139 1311 2184 sunt
1354 2142 1590 2183 omnes
1618 2122 1931 2186 Monades
1979 2139 2230 2185 creatae
2275 2139 2342 2186 et
2384 2122 2481 2184 de·

417 2241 760 2318 rivativae3
803 2257 1161 2302 nascuntur
1203 2256 1416 2300 autem
1460 2239 1584 2300 hae
1628 2239 1985 2314 Monades,
2024 2256 2095 2300 ut
2118 2241 2209 2301 ita
2238 2243 2478 2324 loquar,
2566 2273 2568 2288 ι

414 2382 536 2441 per
579 2360 927 2422 continuas
977 2357 1335 2421 divinitatis
1372 2358 1935 2439 fulgurationes,
1992 2378 2107 2442 per
2151 2359 2482 2443 receptivi-

415 2492 618 2537 tatem
664 2489 992 2535 creaturae
1030 2473 1373 2557 limitatas;
1444 2475 1547 2535 cui
1592 2474 1929 2538 essentiale
1970 2491 2103 2552 est,
2144 2498 2286 2539 esse
2326 2477 2481 2538 limi·

410 2594 675 2657 tatam.“
716 2590 957 2672 (Princ.
995 2590 1227 2675 philos.
1269 2592 1321 2669 §.
1363 2594 1605 2673 XLVI.)
1690 2597 1836 2674 Qua
1876 2591 1959 2655 de
1998 2614 2190 2657 causa
2235 2596 2477 2680 absolu-

411 2727 515 2775 tos
556 2710 871 2774 terminos
899 2710 976 2773 in
1002 2708 1360 2775 Monetium
1396 2710 1753 2773 substantia
1790 2731 1937 2772 non
1978 2713 2331 2788 absolutos,
2374 2710 2482 2774 sed

410 2828 487 2891 in
529 2827 843 2891 Absolute
887 2826 1237 2891 dissolutos
1298 2847 1446 2889 esse
1487 2844 1688 2911 patet.
1769 2829 2094 2892 Notiones
2139 2846 2355 2891 autem
2402 2829 2480 2895 de

408 2946 740 3007 finitarum
801 2944 1162 3009 Monetium
1219 2940 1591 3008 differentia
1650 2968 1725 3007 ac
1780 2945 1860 3009 de
1903 2968 2121 3009 earum
2164 2945 2246 3007 ad
2288 2968 2473 3010 suum

410 3064 800 3126 Absolutum
852 3064 1172 3125 relatione
1218 3084 1383 3137 non·
1418 3085 1504 3126 ex
1559 3063 1683 3127 hac
1723 3065 2006 3129 essentia
2048 3052 2147 3127 vel
2189 3085 2333 3127 non
2378 3067 2474 3126 ab·

411 3184 621 3243 soluto
674 3179 871 3242 modo
927 3178 1280 3258 derivatas,
1349 3180 1464 3243 sed
1526 3198 1835 3246 externae
1888 3181 2258 3268 philosophi
2302 3180 2475 3244 refle-

407 3296 597 3359 xioni
642 3296 1034 3381 inputandas
1079 3318 1255 3375 esse,
1300 3297 1499 3361 etiam
1544 3321 1581 3361 e
1622 3302 1791 3363 male
1833 3318 1897 3363 et
1922 3302 2065 3363 laxa
2108 3301 2361 3362 ratione
2386 3301 2475 3361 in·

411 3414 612 3499 telligi
656 3431 906 3499 potest,
951 3436 1076 3500 qua
1117 3414 1311 3501 hujus
1354 3418 1717 3503 systematis
1760 3419 2011 3483 articuli
2052 3418 2225 3483 inter
2270 3438 2338 3481 se
2379 3439 2473 3479 co·
2558 3386 2560 3456 ff

402 3530 706 3597 haerent.

571 3684 826 3746 Tamen
867 3682 942 3747 in
984 3684 1294 3755 universo
1338 3688 1412 3753 in
1446 3688 1783 3761 Carcesii,
1826 3687 2165 3775 Spinozae
2192 3701 2261 3748 et
2285 3686 2473 3747 Leib·
2556 3668 2558 3679 ¹

399 3801 567 3862 nicia·
596 3802 1089 3886 philosophia,
1130 3796 1562 3869 substanciae
1590 3807 1837 3871 Ideam
1877 3806 2265 3869 absolutam
2312 3825 2471 3880 esse,
2552 3854 2556 3867 .

399 3918 540 3999 jure
585 3919 862 3983 obtineri
907 3940 1141 4003 potest.
1227 3926 1553 3990 Cartesius
1616 3928 1696 3989 ab
1751 3949 1887 3991 una
1941 3941 2121 4012 parte
2172 3922 2474 4006 Subjecti·

398 4033 610 4095 vitatis
657 4036 967 4115 formam,
1010 4044 1229 4126 Ipsum
1287 4064 1565 4125 nempe;
1608 4046 1889 4125 Spinoza
1932 4047 2011 4106 ab
2054 4044 2251 4103 altera
2292 4055 2469 4124 parte

408 4151 830 4217 substantiam
880 4159 975 4222 vel
1019 4160 1368 4223 absolutam
1430 4162 1799 4241 materiam3
1869 4160 2225 4225 Leibnitius
2272 4175 2338 4221 et
2380 4179 2477 4219 re·
2552 4132 2554 4207 f
