2588 4687
1165 293 1650 352 -2—-12—

378 455 661 538 cognitio
717 453 1056 532 reflexim,
1125 475 1290 540 quae
1348 471 1447 549 est
1488 454 1669 518 ideae
1728 453 1920 518 Entis
1965 453 2464 539 perfectissimi,

373 574 804 662 praestantior
845 575 968 636 erit
1011 574 1405 658 cogitatione
1463 574 1774 638 reflexiva
1820 591 2222 636 caeterarum
2264 571 2466 634 idea-

359 717 554 772 r3um
597 695 723 756 hoc
765 711 880 769 est,
925 692 1397 776 perfectissima
1440 716 1515 754 ea
1560 693 1682 754 erit
1726 691 2109 769 methodus,
2150 712 2319 774 quae
2364 689 2459 750 ad

375 814 558 878 datae
600 814 780 876 ideae
823 815 1013 876 Entis
1059 813 1523 898 perfectissimi
1570 833 1869 873 normam
1918 811 2236 885 ostendit,
2284 833 2457 892 quo·

371 932 570 995 modo
627 955 814 996 mens
875 933 958 994 sit
1014 929 1367 1014 dirigenda.
1454 930 1586 1008 (cf.
1630 947 1693 1011 p.
1739 929 1938 1010 454.)
2026 931 2107 990 In
2147 927 2457 1010 Epistola

369 1053 554 1112 XLII.
599 1073 660 1134 p.
691 1053 816 1118 699
861 1071 930 1112 se
975 1047 1316 1110 ostendere
1360 1065 1551 1132 posse
1595 1065 1802 1131 putat,
1850 1046 2022 1131 quod
2066 1045 2453 1106 necessario

367 1167 596 1230 debeat
636 1166 770 1228 dari
813 1166 1193 1240 MethoduS,
1263 1189 1389 1250 qua
1432 1183 1691 1229 nostras
1736 1168 1935 1228 claras
1982 1182 2047 1226 et
2090 1162 2443 1226 distinctas

364 1289 818 1370 perceptiones
848 1284 1122 1367 dirigere
1165 1301 1228 1344 et
1273 1301 1703 1346 concatenare
1746 1284 2107 1363 possimus,
2154 1299 2217 1342 et
2260 1281 2451 1362 quod

365 1406 728 1466 intellectus
786 1421 928 1462 non
969 1401 1100 1476 sit,
1165 1401 1363 1464 veluti
1436 1422 1706 1481 corpus,
1780 1399 2029 1460 casibus
2090 1399 2445 1461 obnoxius,

357 1522 554 1604 Quod
601 1520 857 1604 quidem
905 1543 987 1581 ex
1028 1518 1156 1581 hoc
1201 1521 1336 1580 solo
1384 1537 1677 1595 constat,
1754 1519 1925 1604 quod
1973 1539 2100 1578 una
2159 1520 2327 1579 clara
2371 1534 2443 1578 et

330 1635 664 1703 'distincta
705 1639 1070 1724 perceptio,
1138 1655 1246 1699 aut
1289 1639 1507 1721 plures
1564 1640 1757 1701 simul
1801 1651 2081 1722 possunt
2140 1638 2440 1698 absolute

359 1777 503 1822 esse
556 1776 747 1818 causa
800 1755 1061 1817 alterius
1117 1757 1324 1816 clarae
1403 1773 1469 1817 et
1540 1754 1891 1817 distinctae
1955 1754 2436 1841 perceptionis.

217 1893 260 1940 Ἰ
357 1879 501 1939 Imo
549 1894 776 1938 omnes
823 1877 1030 1935 clarae
1077 1891 1141 1936 et
1183 1875 1524 1938 distinctae
1586 1874 2043 1958 perceptiones
2090 1894 2231 1934 non
2271 1892 2433 1952 pos-

357 2010 510 2057 sunt
555 1990 729 2065 oriri,
771 1991 903 2052 nisi
955 1995 1052 2052 ab
1078 1993 1216 2052 aliis
1267 1993 1457 2054 claris
1504 2008 1568 2054 et
1610 1991 1935 2054 distinctis
1976 1990 2428 2075 perceptioni-

351 2113 505 2186 bus,
554 2130 712 2225 quae
755 2108 830 2168 in
872 2110 1062 2170 nobis
1107 2127 1301 2184 sunt,
1360 2130 1485 2170 nec
1529 2111 1721 2171 ullam
1766 2110 1955 2170 aliam
2002 2129 2260 2171 causam
2308 2129 2428 2166 ex-

345 2246 446 2290 tra
483 2248 610 2290 nos
657 2244 1038 2312 agnoscunt.
1124 2225 1319 2288 Unde
1366 2226 1689 2310 sequitur,
1754 2247 1908 2309 quas
1951 2229 2151 2288 claras
2208 2243 2272 2286 et
2320 2224 2425 2284 di-

347 2347 614 2411 stinctas
675 2346 1122 2427 perceptiones
1165 2345 1563 2420 formamuS,
1629 2368 1665 2405 a
1726 2348 1859 2407 sola
1917 2363 2142 2407 nostra
2185 2364 2423 2406 natura

343 2468 607 2551 ejusque
653 2464 841 2527 certis
889 2482 955 2526 et
1000 2466 1143 2527 fixis
1188 2465 1430 2547 legibus
1477 2463 1799 2547 pendere,
1866 2464 1994 2525 hoc
2034 2482 2153 2539 est,
2198 2466 2273 2523 ab
2320 2468 2419 2523 ab·

343 2585 547 2649 soluta
599 2599 819 2645 nostra
861 2583 1190 2667 potentia,
1261 2604 1405 2645 non
1462 2605 1617 2645 vero
1672 2604 1707 2643 a
1751 2582 2047 2661 fortuna,
2114 2585 2242 2645 hoc
2284 2604 2411 2661 est,

337 2726 374 2766 a
430 2702 637 2767 causis
685 2702 976 2785 quamvis
1037 2702 1226 2763 certis
1287 2702 1482 2763 etiam
1540 2718 1605 2763 et
1661 2702 1805 2765 fixis
1870 2704 2119 2787 legibus
2166 2705 2418 2785 agenti·-

331 2823 475 2898 bus,
531 2822 722 2883 nobis
765 2838 989 2883 tamen
1030 2819 1270 2902 ignotis
1318 2837 1384 2883 et
1434 2842 1471 2881 a
1516 2837 1741 2885 nostra
1786 2840 2020 2883 natura
2064 2838 2129 2883 et
2170 2838 2411 2904 poten-

329 2939 416 2998 tia
465 2938 708 3001 alienis.
793 2936 908 3011 (cf.
951 2934 1395 3005 Bachmatzn,
1466 2937 1715 3018 System
1763 2935 1877 2997 der
1919 2938 2409 3020 Logik.1828.

325 3055 572 3116 Dritter
617 3052 1006 3129 Abschnitt,
1051 3054 1449 3117 Geschichte
1496 3053 1611 3113 der
1646 3054 1887 3136 Logik,
1945 3056 2054 3115 ubi
2102 3057 2279 3137 plura
2318 3056 2407 3121 de

326 3169 650 3253 Spinozae
693 3170 1010 3257 discipuli,
1053 3170 1403 3242 CufaEIer-i,
1461 3171 1667 3257 logica
1708 3164 2106 3253 traduntur.)
2563 3092 2588 3679 ἱ

492 3336 722 3415 Quoad
775 3340 952 3401 illam
998 3341 1457 3421 geometricam
1514 3340 1931 3419 methodum,
1996 3328 2402 3403 animadver-

316 3471 455 3518 tere
497 3454 698 3537 igitur
741 3454 898 3517 satis
942 3454 1102 3531 erit,
1142 3457 1415 3518 rationis
1446 3460 1875 3541 geometricae
1915 3458 2208 3519 membra
2254 3480 2397 3521 non

313 3594 427 3637 sua
468 3589 735 3648 natura,
807 3570 920 3635 sed
965 3573 1307 3636 Geometri
1368 3575 1643 3637 consilio
1703 3597 1779 3636 ac
1821 3578 2176 3652 voluntate,
2219 3577 2398 3637 invi-

311 3711 454 3753 cem
499 3692 582 3754 ad
627 3714 698 3757 se
736 3690 990 3758 reFerri.
1077 3694 1222 3771 Qua
1274 3690 1357 3753 de
1414 3714 1604 3757 causa
1660 3700 1955 3760 membra
2010 3698 2086 3757 in
2144 3714 2217 3757 se
2264 3694 2393 3756 fixa

309 3806 649 3883 habentur,
694 3830 968 3892 quorum
1013 3829 1219 3869 unum
1265 3810 1538 3872 alterum
1583 3833 1725 3874 non
1768 3813 2179 3888 determinat,
2224 3814 2287 3877 h.
2330 3834 2387 3875 e.

299 3936 534 4006 negat,
607 3924 711 3983 vel
757 3926 958 3986 altero
999 3923 1074 3984 in
1133 3926 1335 3987 altero
1396 3924 1853 3991 determinatio
1910 3950 2056 3991 non
2098 3928 2388 4011 ponitur.

310 4039 714 4124 speculativa
755 4045 922 4105 ratio
966 4062 1198 4107 contra
1241 4064 1339 4109 est
1384 4049 1549 4109 ratio
1594 4050 1875 4125 interna,
1920 4051 2029 4127 ita,
2074 4068 2168 4126 ut,
2214 4049 2386 4132 quod

313 4178 382 4219 se
424 4154 653 4230 refert,
699 4176 846 4219 cum
891 4180 990 4235 eo,
1033 4160 1114 4223 ad
1161 4162 1329 4244 quod
1376 4166 1643 4229 relatum
1684 4184 1801 4241 est,
1846 4188 2050 4229 unum
2100 4184 2163 4229 et
2208 4168 2382 4231 idem
