2588 4687
877 341 1359 399 -27—

76 521 336 563 causam
397 521 538 564 esse
595 499 774 566 dicit.
885 501 1060 564 Deus
1126 517 1337 562 autem
1398 502 1679 584 primum
1737 503 1809 563 in
1866 503 2147 567 creando

77 617 336 680 mundo
383 637 451 681 se
495 621 786 683 absolute
829 618 1106 694 liberum
1155 640 1298 682 esse
1350 621 1623 702 probat,
1664 621 1810 703 quia
1852 619 1927 682 in
1970 643 2147 685 crea-
2208 667 2215 672 -

77 736 280 814 turis,
342 736 670 822 propriam
713 759 750 798 a
791 738 944 800 Deo
999 737 1074 798 in
1126 757 1195 799 se
1241 736 1437 799 vitam
1480 736 1897 812 habentibus,
1962 759 2033 801 se
2072 740 2149 801 in

81 873 148 916 se
193 853 474 916 omnino
531 876 568 917 a
625 874 695 918 se
751 853 1148 931 discernere,
1219 871 1286 916 et
1338 856 1431 916 sic
1484 853 1741 938 quidem
1796 856 2148 938 negatione

79 973 328 1054 posita,
380 987 608 1034 tamen
653 993 722 1036 se
769 973 982 1057 ipsum
1043 993 1297 1057 semper
1338 989 1617 1056 negante
1660 971 2037 1038 discrimine
2078 995 2151 1040 se

85 1088 278 1152 etiam
323 1089 742 1174 negationem
787 1110 1044 1174 semper
1087 1111 1322 1176 negare
1368 1090 1668 1155 ostendit.

295 1259 348 1314 3.
409 1254 755 1322 Objectiones
790 1265 992 1310 contra
1032 1259 1314 1332 Spinozae
1350 1253 1419 1310 cle
1450 1261 1566 1310 Deo
1602 1255 1943 1313 doctrinam.

268 1361 448 1439 Quae
493 1361 808 1444 Spinozae
851 1361 1172 1444 theologia
1217 1360 1592 1424 multifarias
1637 1378 1700 1423 et
1743 1364 2149 1446 gravissimas

98 1475 490 1561 objectiones
537 1479 761 1545 movit.
851 1481 930 1542 In
969 1479 1098 1541 hoc
1138 1479 1352 1542 libello
1394 1479 1573 1540 locus
1631 1499 1771 1542 non
1815 1498 1944 1558 est,
2010 1484 2151 1544 lon·

95 1614 238 1676 gam
298 1613 363 1658 et
420 1598 866 1680 complicatam
925 1618 1148 1658 earum
1203 1595 1582 1671 historiam,
1650 1598 1775 1678 jam
1831 1599 1907 1658 in
1948 1600 2147 1665 literis

98 1716 176 1773 ab
220 1713 446 1776 amicis
491 1713 571 1774 ad
615 1715 966 1798 Spinozam
1027 1714 1284 1798 scriptis
1348 1713 1607 1774 initium
1654 1714 2011 1794 capientem
2058 1735 2153 1780 at-

103 1851 228 1913 que
269 1828 424 1892 inde
460 1830 540 1892 ad
581 1847 804 1896 nostra
845 1847 1136 1915 tempora
1187 1851 1389 1914 usque
1431 1831 1925 1915 perdurantem,
2012 1857 2157 1916 pro-

101 1947 293 2010 ferre.
375 1947 592 2031 Itaque
620 1949 871 2011 illarum
905 1949 1339 2034 objectionum
1372 1969 1456 2011 ex
1481 1950 1620 2033 ipso
1664 1966 2003 2032 systemate
2042 1974 2158 2016 ne·

105 2065 463 2128 cessitatem
509 2065 992 2141 demonstrare,
1054 2083 1244 2150 atque
1285 2067 1519 2151 partim
1564 2087 1781 2128 earum
1829 2069 2159 2134 veritatem

104 2181 539 2262 justificando,
607 2184 841 2267 partim
898 2183 1244 2248 falsitatem
1300 2206 1519 2246 earum
1560 2184 1901 2247 refutando
1958 2189 2159 2272 expli-

108 2322 252 2364 care
309 2301 461 2365 satis
522 2301 658 2369 erit.
784 2301 1204 2382 Atheismus,
1275 2303 1758 2379 Pantheismus,
1828 2303 2161 2384 Deismus,

109 2418 552 2483 Acosmismus
597 2438 662 2483 et
702 2422 1074 2485 Fatalismus
1119 2438 1273 2485 sunt
1312 2421 1672 2506 insigniora
1706 2422 1895 2503 hujus
1950 2426 2165 2486 evolu-

110 2537 303 2601 tionis
343 2554 711 2615 momenta,
781 2538 862 2601 ad
909 2561 1072 2622 quae
1127 2555 1379 2603 caetera
1422 2539 1643 2601 omnia
1690 2539 1961 2602 minoris
2002 2562 2167 2621 pon·

116 2654 288 2720 deris
327 2655 545 2719 reduci
585 2674 877 2743 possunt.

803 2824 857 2861 α.
909 2807 1190 2863 Atheismi
1227 2806 1483 2882 objectio.

282 2910 472 2976 Deus
499 2912 640 2974 Deo
665 2912 936 2975 nonnisi
967 2936 1088 2998 per
1101 2916 1327 2979 Deum
1355 2914 1427 2975 in
1441 2913 1592 2976 Deo
1628 2912 2006 2978 manifestus
2034 2934 2173 3009 esse

117 3044 368 3113 potest,
412 3046 602 3113 atque
645 3045 736 3093 est
780 3052 1038 3115 quoque
1079 3033 1308 3105 Deus,
1350 3049 1421 3091 se
1464 3030 1680 3111 ipsum
1723 3028 2172 3098 manifestans,

117 3148 193 3207 in
227 3144 634 3207 manifestato
659 3148 806 3211 Deo
837 3148 956 3211 sibi
983 3147 1389 3212 manifestus.
1478 3144 1756 3229 Spinoza
1788 3161 1998 3207 autem
2039 3168 2180 3207 cau-

123 3287 260 3327 sam
323 3262 420 3326 sui
478 3263 734 3346 quidem
795 3267 1017 3330 Deum
1075 3287 1214 3329 esse
1255 3264 1450 3339 dicit,
1536 3283 1677 3324 non
1735 3284 1889 3326 vero
1932 3262 2013 3325 ad
2057 3266 2183 3328 hoo

125 3381 422 3466 respicit,
495 3381 666 3466 quod
723 3404 946 3460 causa,
1031 3406 1189 3469 quae
1243 3388 1320 3447 in
1378 3381 1615 3445 effectu
1672 3381 1933 3445 demum
1995 3404 2184 3445 causa

130 3516 257 3575 est,
314 3498 438 3560 hac
485 3499 736 3562 ratione
777 3523 863 3565 ex
903 3501 1139 3564 effectu
1179 3502 1252 3562 in
1298 3522 1367 3563 se
1410 3500 1660 3580 redeat3
1722 3522 1907 3563 cause
1949 3499 2182 3562 effectu

129 3637 357 3691 causa,
427 3615 692 3679 effectus
755 3639 943 3682 causa
983 3618 1254 3683 effectus
1300 3637 1430 3696 est,
1500 3619 1778 3702 ideoque
1820 3634 1885 3679 et
1927 3635 2183 3677 causam

129 3749 192 3795 et
227 3732 542 3795 effectum
586 3736 660 3796 in
703 3738 898 3799 tertio
929 3735 1202 3820 quodam
1249 3753 1583 3799 momenta
1624 3751 1877 3796 tantum
1922 3752 2063 3793 esse
2100 3750 2193 3791 se·

129 3852 360 3934 quitur.
447 3852 668 3935 Itaque
710 3854 1098 3929 substantia,
1138 3851 1509 3915 reflectione
1551 3852 1624 3913 in
1673 3870 1741 3913 se
1784 3836 2055 3909 omniho
2095 3869 2193 3909 ca·

127 3989 320 4038 rens,
378 3986 582 4031 semet
625 3970 747 4033 sibi
795 3972 1116 4056 objectum
1158 3989 1300 4031 non
1343 3969 1496 4031 facit
1539 3988 1615 4030 ac
1654 3980 1998 4051 propterea
2050 3968 2195 4027 sub·

128 4087 364 4165 jectum
411 4106 556 4149 esse
600 4088 850 4173 nequit.
937 4092 1144 4169 Quam
1193 4088 1276 4149 ob
1335 4108 1470 4149 rem
1518 4086 1736 4157 multi,
1809 4085 1880 4145 in
1925 4086 2045 4147 hac
2089 4107 2197 4145 co-

130 4176 446 4287 gita'tione
489 4204 875 4276 haerentes,
947 4206 1292 4290 Spinozam
1342 4205 1587 4267 nullum
1633 4202 1852 4265 Deum
1899 4190 2037 4266 esse
2084 4200 2201 4262 do·
