2588 4687
901 275 1531 364 --11—-''

99 465 310 548 ipsius
355 469 450 530 rei
496 467 974 542 manifestatio,
1035 467 1150 530 sed
1194 465 1562 551 philosophi
1608 463 1883 526 effectus
1934 461 2049 538 sit,
2091 463 2183 524 la·

98 585 233 645 tius
279 585 388 646 hic
433 586 771 648 ostendere
818 609 980 670 opus
1025 607 1168 648 non
1211 586 1314 653 sit.
1402 585 1718 664 (Jacobi,
1769 584 2062 667 Beilagen
2100 605 2182 646 zu

95 698 238 761 den
281 701 544 764 Briefen
575 707 730 765 iiber
761 693 1100 794 Spinoza’s
1137 703 1359 767 Lehre.
1406 706 1540 770 vil.
1630 693 1915 770 Santmti.
1948 705 2185 766 Werke

99 818 238 884 Th.
297 820 403 880 IV·
443 827 522 887 ,2,
592 843 660 903 p.
725 825 1118 888 1'52—162.
1217 822 1443 889 Kane,
1508 822 1722 884 Kritik
1781 820 1895 882 der
1954 821 2187 882 reinen

98 935 438 1000 Vernunft
481 936 721 1018 (1781)
780 960 845 1017 p.
893 945 1238 1006 712-738
1324 941 1599 1019 Hegel’s
1642 939 2187 1000 Phaenomenolo-

97 1055 212 1137 gie
257 1055 368 1118 des
415 1058 672 1120 Geistes
733 1059 966 1138 (1807)
1022 1083 1090 1142 p.
1135 1061 1661 1120 XLVIII—LIX.
1748 1056 1961 1119 Idem:
2020 1057 2188 1118 wis-

99 1173 446 1254 senschaft
501 1175 615 1236 der
671 1179 1074 1258 subjectiven
1135 1179 1336 1260 Logik
1390 1177 1629 1257 (1816)
1689 1201 1755 1259 p.
1800 1182 2187 1242 326-362.

98 1292 463 1350 Hinriclc’s
491 1295 942 1358 Grundlinien
973 1296 1090 1356 der
1121 1295 1531 1378 philosophie
1572 1293 1688 1355 der
1720 1293 1925 1377 Logik
1954 1293 2189 1376 (1826)

103 1433 168 1494 p.
220 1410 610 1493 xl-x1v.)

1492 1527 1537 1552 Q

297 1581 594 1641 Fortasse
666 1578 949 1661 Spinoza
1021 1578 1309 1640 methodi
1370 1599 1523 1638 suae
1578 1576 1991 1638 incommoda
2054 1579 2193 1659 ipse

103 1695 359 1769 sensit,
425 1712 488 1754 et
531 1697 658 1754 hoc
701 1713 993 1776 respectu
1040 1695 1520 1772 fragmentum,
1567 1691 1737 1774 quod
1782 1693 2071 1773 reliquit,
2114 1695 2194 1756 de

104 1811 508 1870 intellectus
553 1791 1034 1870 emendatione
1091 1777 1351 1895 piurirrii
1409 1833 1563 1874 sane
1623 1810 1943 1871 aestimari
1989 1809 2199 1887 debet,

108 1931 272 2013 quia
316 1929 386 1988 in
433 1950 509 1990 eo
554 1930 760 2008 ipsam
810 1931 1297 2012 cognoscendae
1359 1931 1636 1992 veritatis
1682 1925 2057 1988 methodum
2093 1927 2202 2000 ,in-

112 2048 346 2109 venire
397 2050 630 2124 voluit,
677 2045 764 2110 ‘et
807 2071 1064 2124 revera,
1133 2065 1204 2108 ut
1247 2051 1382 2109 sola
1431 2048 1819 2130 cognitionis
1866 2045 2075 2106 forma
2120 2047 2201 2110 de

115 2167 259 2249 ejus
306 2169 573 2229 veritate
619 2165 1072 2228 certitudinem
1121 2168 1443 2250 acciperet
1479 2168 1579 2227 vel
1624 2163 1831 2248 ipsam
1880 2165 2203 2244 cogitatio-

115 2285 230 2345 nis
277 2301 570 2345 naturam
621 2285 979 2367 detegeret,
1057 2285 1254 2347 enixe
1298 2285 1560 2352 studuit.
1674 2289 1881 2365 Quam
1942 2286 2025 2343 ob
2068 2305 2205 2346 rem

118 2403 195 2461 in
243 2403 387 2462 iibri
431 2403 706 2463 introitu
751 2402 832 2463 de
877 2404 1272 2485 cognitionis
1336 2404 1641 2489 deceptu,
1712 2403 1791 2465 de
1834 2402 2041 2463 nihilo
2082 2403 2213 2465 for-

122 2518 282 2581 mali
326 2535 390 2578 et
433 2520 779 2601 objectivo,
840 2520 918 2581 de
965 2522 1290 2598 possibili,
1348 2521 1427 2583 de
1473 2522 1912 2604 contingente,
1972 2521 2052 2582 de
2094 2522 2213 2583 im-

77 2636 456 2721 xpossibili,
513 2637 592 2697 de
637 2639 1024 2714 necessarie,
1072 2638 1150 2698 de
1195 2640 1578 2722 impossibili
1622 2640 2046 2723 possibilitate
2088 2655 2213 2707 etc.

125 2754 449 2835 loquitur,
497 2774 560 2816 et
601 2756 675 2816 in
723 2757 967 2831 verbiS,
1014 2756 1242 2839 quibus
1296 2758 1531 2833 utitur,
1572 2778 1641 2819 se
1686 2779 1953 2839 aequam
2004 2756 2219 2817 omni-

130 2876 252 2934 bus
331 2872 811 2955 cognitionibus
885 2870 1137 2935 formae
1200 2874 1653 2935 necessitatem
1724 2873 2047 2957 cognitam
2108 2870 2223 2931 ha-

129 2990 386 3063 buisse,
455 2990 621 3049 clare
682 2987 983 3055 ostendit.
1095 2988 1226 3069 (cf,
1288 2990 1441 3056 Eth.
1488 2995 1552 3055 Ρ.
1596 2996 1644 3054 1.
1704 2992 1891 3072 Prop.
1942 2990 2225 3049 xxxin.

136 3108 352 3171 Schol.
402 3104 490 3183 Ι.)
575 3104 656 3163 In
701 3104 854 3168 edit.
901 3107 1082 3178 Paul.
1127 3129 1192 3189 p.
1239 3108 1403 3179 426,
1476 3105 1554 3166 de
1596 3107 1961 3167 intellectus
2008 3122 2230 3165 emen·-

136 3223 405 3288 datione
449 3220 611 3281 haec
655 3222 1084 3286 memoranda
1127 3227 1318 3285 verba
1364 3242 1753 3286 occurrunt:
1810 3222 2005 3287 Unde
2052 3179 2236 3281 coili-

137 3344 336 3428 gitur,
385 3338 777 3405 Methodum
824 3338 992 3401 nihii
1038 3341 1207 3403 ali-ud
1251 3364 1429 3420 esse,
1468 3343 1598 3405 nisi
1640 3341 2085 3426 cognitionem
2128 3360 2237 3403 re·

139 3462 444 3525 ssexivam
493 3476 601 3521 aut
647 3458 865 3521 ideam
913 3459 1128 3537 ideae3
1173 3476 1238 3520 et
1268 3461 1417 3544 quia
1447 3482 1586 3524 non
1622 3460 1806 3523 datur
1846 3460 1990 3525 idea
2018 3457 2225 3534 ideae,

145 3581 280 3643 nisi
327 3578 504 3662 prius
559 3574 745 3638 detur
793 3576 978 3654 idea3
1024 3600 1175 3661 ergo
1209 3580 1555 3643 Methodus
1603 3576 1744 3643 non
1790 3579 2062 3655 dabitur,
2104 3575 2239 3637 nisi

146 3698 332 3783 prius
381 3693 570 3757 detur
614 3693 780 3759 idea.
869 3696 1063 3757 Unde
1111 3699 1284 3757 bona
1326 3698 1432 3757 illa
1477 3698 1599 3759 erit
1640 3696 2021 3769 Methodus‚
2078 3712 2243 3775 quae
2312 3768 2315 3773 Ι

157 3814 485 3892 ostendit,
549 3814 892 3895 quomodo
941 3838 1129 3877 mens
1161 3816 1547 3895 'dirigenda
1590 3819 1683 3875 sic
1728 3814 1827 3876 ad
1868 3814 2087 3877 datae·
2123 3799 2251 3875 ve·-¹
2312 3826 2323 3839 ‘

156 3954 292 3993 rae
335 3932 542 3992 ideae
587 3952 922 3991 normam.
1025 3936 1221 3995 Porro
1269 3956 1416 3994 cum
1464 3934 1664 4007 ratio,
1732 3954 1891 4015 quae
1932 3951 2029 3996 est
2072 3935 2247 3997 inter

159 4051 317 4115 duas
365 4050 582 4125 ideas,
647 4050 732 4113 sit
775 4048 998 4111 eadem
1047 4072 1194 4111 eum
1243 4051 1533 4123 ratione,
1590 4070 1751 4130 quae
1796 4065 1893 4111 est
1934 4044 2108 4112 inter
2148 4068 2248 4111 es·

169 4174 410 4237 sentias
461 4170 765 4233 sormales
810 4168 1096 4233 idearum
1145 4171 1431 4255 illarum3
1501 4167 1657 4231 inde
1694 4167 2015 4251 sequitur,
2080 4162 2251 4247 quod
