2588 4687
1231 311 1716 382 ...48-

440 493 516 555 in
556 487 887 551 intellectu
930 479 1179 565 cupido
1226 499 1516 546 vocatur.
1617 483 1739 544 Per
1782 482 2184 544 voluntatem
2227 471 2527 566 Spinoza

406 602 808 672 'affirmandi
852 617 918 666 et
955 597 1237 684 negandi
1285 600 1683 677 facultatem,
1743 619 1886 662 non
1928 615 2144 662 autem
2191 598 2525 683 cupidita-

440 743 573 789 tem
602 720 935 804 intelligit3
978 715 1372 795 facultatem,
1414 739 1538 801 qua
1566 719 1779 796 Mens,
1814 715 1966 801 quid
1998 738 2250 792 verum,
2277 715 2522 798 quidve

438 843 673 908 falsum
719 839 837 913 sit,
881 835 1157 899 affirmat
1199 839 1299 898 vel
1345 853 1573 920 negat,
1613 851 1681 898 et
1723 855 1868 898 non
1912 833 2340 918 cupiditateS,
2386 853 2518 917 qua

440 965 635 1026 Mens
660 977 764 1019 res
796 954 1035 1039 appetit
1064 957 1161 1016 vel
1193 971 1540 1020 aversatur.
1585 953 1769 1032 (Eth.
1817 957 1881 1018 Ρ.
1915 957 1994 1016 11.
2038 957 2174 1016 Pro.
2202 954 2514 1028 XLVIII.)

444 1081 587 1158 Qua
628 1073 710 1136 de
750 1065 942 1134 caiisa
993 1071 1253 1134 libertas
1309 1087 1538 1134 nostra
1598 1091 1728 1133 nec
1781 1071 1855 1133 in
1911 1069 2184 1155 quadam
2243 1068 2514 1132 contin-

440 1193 685 1280 gentia,
726 1211 854 1252 nec
894 1190 969 1250 in
1008 1188 1282 1272 quadam
1327 1187 1773 1251 indifferentia
1803 1187 2182 1268 (dubitatio)
2211 1187 2340 1274 ‘sita
2381 1201 2512 1252 est,

440 1309 557 1374 ced
598 1309 671 1370 in
714 1305 911 1369 modo
956 1304 1321 1369 affirmandi
1361 1321 1428 1367 et
1469 1305 1786 1389 negandi,
1846 1304 2004 1368 adeo
2046 1322 2152 1381 ut,
2197 1327 2321 1388 quo
2364 1323 2506 1364 rem

314 1455 321 1474 ·
439 1429 717 1510 aliquam
761 1424 979 1488 minua
1037 1421 1497 1503 indifferenter
1553 1422 1943 1487 affirmamus
2005 1437 2114 1482 aut
2169 1437 2508 1502 negamus,

439 1566 517 1609 eo
559 1543 889 1605 liberiores
930 1541 1151 1606 simus.
1195 1541 1354 1622 (Ep.
1387 1541 1696 1622 XXXIV.)
1781 1542 2080 1602 Absolute
2107 1540 2301 1600 libera
2348 1557 2506 1598 vero

436 1661 708 1725 nonnisi
750 1660 873 1722 Dei
921 1661 1257 1732 voluntas,
1297 1683 1337 1742 q
1371 1659 1558 1741 uippe
1615 1658 1726 1741 qui
1773 1660 1946 1722 solus
2005 1677 2196 1719 causa
2241 1656 2340 1720 sui
2385 1671 2500 1716 est.

434 1779 750 1844 Homines
793 1793 1022 1838 contra
1064 1776 1139 1838 in
1180 1774 1436 1860 agendo
1491 1774 1752 1836 infinita
1795 1795 2126 1837 causarum
2177 1775 2343 1838 serie
2387 1771 2504 1834 de·-

330 1931 337 1942 ·
432 1896 899 1971 terminantur',
967 1917 1243 1978 quarum
1303 1915 1432 1955 una
1477 1895 1738 1954 alteram
1783 1909 1998 1976 negat.
2085 1892 2261 1970 (Eth.
2308 1896 2370 1955 P.
2414 1891 2503 1958 11.

432 2021 534 2079 Pr.
575 2013 885 2094 XLVIII.)
968 2016 1071 2077 Ob
1112 2013 1293 2074 hunc
1347 2011 1608 2072 finitum
1667 2011 1742 2072 in
1798 2010 2134 2072 infinitum
2179 2012 2502 2072 causalem

431 2155 715 2208 nexum,
758 2130 835 2192 in
878 2129 1239 2192 facinorum
1287 2128 1827 2192 concatenatione
1871 2127 2128 2207 eadem,
2187 2133 2379 2216 quain
2423 2129 2502 2190 in
2567 2141 2574 2154 ¹

429 2267 694 2327 natura,
762 2263 991 2330 regnat
1039 2246 1414 2308 necessitas.
1527 2245 1721 2326 Quod
1782 2245 2085 2308 homines
2141 2263 2369 2312 tamen
2423 2247 2498 2306 in

432 2366 681 2453 agendo
736 2386 805 2427 se
860 2364 1093 2426 liberos
1148 2364 1460 2440 credunt,
1543 2386 1724 2427 mera
1797 2363 2152 2427 secundum
2207 2364 2499 2451 philoso-

428 2486 629 2571 phum
674 2497 971 2543 nostrum
1020 2481 1253 2565 opinio
1292 2501 1428 2558 est,
1483 2504 1562 2545 eo
1605 2498 1864 2557 exorta,
1905 2482 2074 2564 quod
2120 2501 2185 2546 et
2227 2484 2496 2546 consilia

428 2622 541 2665 sua
581 2616 649 2662 et
686 2600 927 2661 realem
991 2620 1221 2661 eorum
1274 2598 1782 2685 patefactionem
1837 2601 2211 2664 immediate
2253 2602 2496 2679 sciant3

425 2719 611 2785 facile
651 2734 863 2781 autem
909 2717 1237 2779 actionum
1290 2717 1644 2780 necessitas
1689 2738 1764 2779 ac
1811 2720 2167 2781 celebratae
2209 2720 2380 2782 illius
2425 2722 2502 2780 li·

423 2837 685 2901 bertatis
730 2837 978 2898 vanitas
1019 2835 1312 2918 ,intelligi
1376 2835 1666 2917 possint,
1753 2836 1810 2899 si
1853 2836 2242 2899 substantiae
2300 2836 2526 2897 notio'
2569 2844 2571 2926 j

422 2972 728 3040 praesens
786 2968 1107 3017 teneatur.
1218 2954 1538 3019 Voluntas
1582 2974 1739 3017 vero
1797 2971 1864 3017 et
1903 2955 2268 3017 intellectus
2321 2952 2495 3015 nihil

419 3072 551 3135 nisi
618 3070 798 3156 ipsae
866 3071 1253 3151 singulares
1320 3071 1664 3135 volitiones
1723 3087 1790 3133 et
1871 3070 2054 3135 ideae
2111 3087 2284 3137 sunt.
2399 3070 2497 3132 At

419 3188 760 3272 singularis
804 3190 1026 3252 volitio
1069 3203 1137 3250 et
1178 3186 1326 3251 idea
1367 3210 1570 3253 unum
1615 3205 1683 3252 et
1721 3188 1894 3253 idem
1938 3206 2126 3267 sunt,
2177 3210 2332 3274 ergo
2375 3212 2496 3251 vo·

416 3306 633 3366 luntas
676 3290 746 3367 et
778 3276 1152 3369 intellectus
1195 3327 1400 3369 unum
1445 3323 1514 3370 et
1567 3306 1744 3371 idem
1787 3325 1959 3373 sunt.
2044 3308 2244 3392 (Eth.
2299 3310 2363 3370 P.
2405 3309 2490 3370 11.
2567 3314 2569 3393 ζ

414 3422 557 3485 Pro·
598 3423 811 3486 XLIX.
852 3424 1091 3487 coron.
1123 3425 1532 3506 Demonst.)
2567 3447 2569 3536 ἱ

1087 3620 1139 3659 c.
1218 3610 1444 3661 Bonum
1477 3614 1531 3661 et
1561 3608 1810 3664 Malum.

618 3709 876 3795 Itaque,
942 3727 1091 3771 cum
1146 3711 1514 3775 intellectus
1575 3734 1612 3775 a
1655 3715 1990 3777 voluntate
2033 3708 2320 3795 separari
2364 3730 2486 3773 ne-

414 3843 638 3910 queat,
706 3828 1072 3891 intellectus
1126 3828 1200 3891 id
1253 3833 1502 3895 bonum
1559 3852 1701 3897 esse
1741 3832 2017 3914 judicat,
2088 3828 2260 3914 quod
2305 3845 2488 3891 certo

410 3945 649 4009 scimus
691 3949 885 4011 nobis
929 3946 1085 4010 utile
1124 3968 1304 4027 esse,
1371 3951 1611 4013 malum
1654 3967 1868 4014 autem
1915 3950 2018 4025 id,
2089 3946 2260 4032 quod
2307 3963 2486 4009 certo
2565 3928 2567 3991 Ψ

407 4060 651 4125 scimus
696 4064 1048 4148 impedire,
1108 4090 1237 4149 quo
1279 4066 1500 4132 ‚minus
1543 4070 1700 4131 boni
1746 4069 2013 4154 alicujus
2058 4067 2258 4130 simus
2299 4086 2494 4127 com-
2565 4134 2567 4149 Ι

398 4190 607 4258 Ρῡῑθδο
649 4178 833 4253 (Eth.
874 4183 941 4249 P.
972 4185 1077 4248 IV.
1120 4182 1279 4249 Def.
1319 4186 1368 4248 1.
1395 4187 1479 4253 11.
1523 4188 1662 4257 Pro.
1690 4188 1875 4266 XII.)
1961 4183 2292 4271 Quicquid
2328 4204 2492 4247 vero

2403 4304 2491 4346 ΘΧ
