2588 4687
884 330 1371 394 -49-

18 519 20 524 ·
81 515 164 557 ex
198 497 457 558 ratione
499 516 848 572 conamur,
894 495 1062 557 nihil
1105 496 1278 558 aliud
1323 511 1455 572 est,
1519 519 1708 581 quam
1754 499 2151 584 intelligere;

18 617 22 632 ¹
77 635 202 676 nec
258 613 487 691 Mens,
574 631 890 698 quatenus
950 616 1208 677 ratione
1279 617 1521 690 utitur,
1592 615 1762 677 aliud
1820 617 1941 679 sibi
1997 619 2151 682 utile

75 752 218 794 esse
259 729 534 812 judicat,
604 731 732 794 nisi
775 730 881 808 id,
940 731 1114 817 quod
1155 730 1233 794 ad
1276 731 1778 817 intelligendum
1822 732 2150 801 conducit.

74 820 298 933 Itaque
336 848 499 910 nihil
550 865 730 912 certo
773 850 1010 914 scimus
1056 853 1300 913 bonum
1347 865 1459 912 aut
1499 851 1742 913 malum
1785 871 1959 930 esse,
2013 853 2149 918 nisi

16 1033 18 1056 ξ
69 967 176 1044 id,
220 964 392 1051 quod
423 987 548 1028 nos
597 966 679 1029 ad
705 966 1197 1053 intelligendum
1227 967 1437 1044 ducit,
1475 968 1579 1030 vel
1610 967 1785 1052 quod
1826 968 2145 1054 impedire

67 1100 330 1169 potest,
377 1106 504 1168 quo
534 1084 751 1148 minus
777 1087 1234 1171 intelligamus.
1277 1084 1463 1166 (Eth.
1492 1087 1558 1149 P.
1588 1088 1692 1151 IV.
1738 1089 1884 1150 Pro.
1914 1087 2143 1152 XXVI.

69 1204 350 1285 XXVII.)
441 1206 655 1284 Quam
698 1207 780 1266 ob
822 1225 964 1267 rem
995 1203 1279 1288 Spinoza
1318 1205 1565 1264 bonum
1610 1219 1676 1266 et
1716 1205 1958 1267 malum
2002 1225 2145 1266 non

70 1338 272 1385 certas
315 1322 648 1405 qualitates
694 1341 838 1386 esse
893 1337 1151 1396 censet,
1239 1340 1401 1404 quae
1442 1323 1632 1384 rebus
1685 1321 1847 1406 ipsis
1903 1321 2141 1398 insint,

33 1412 182 1500 ‘sea
223 1441 474 1501 honum
529 1456 594 1500 οι
649 1441 889 1501 malum
947 1437 1190 1523 aliquia
1242 1437 1519 1500 nonnisi
1579 1438 1897 1500 relatione
1939 1435 2022 1498 aa
2063 1437 2141 1498 fi-

66 1565 226 1618 nem
271 1556 592 1642 quendam
622 1556 799 1633 fieri,
840 1557 965 1633 ita,
1007 1571 1111 1633 ut,
1155 1554 1327 1638 quod
1352 1555 1479 1616 hoc
1520 1572 1822 1640 respectu
1865 1555 2138 1631 bonum,

66 1675 193 1737 alio
239 1677 516 1753 malum,
559 1695 633 1737 ac
673 1674 815 1737 vice
858 1694 1077 1750 versa,
1139 1671 1477 1756 quod'hoc
1516 1689 1823 1757 respectu
1866 1671 2137 1749 malum,

63 1794 190 1854 alio
214 1794 466 1854 bonum
508 1790 994 1853 nominandum
1041 1790 1144 1855 sit.
1232 1792 1516 1875 Spinoza
1570 1790 1763 1874 igitur
1790 1790 1948 1851 boni
1996 1810 2137 1852 ma·

60 1909 236 1993 lique
278 1909 720 1971 differentiam
764 1908 996 1972 codem
1038 1906 1232 1971 modo
1274 1907 1625 1990 subjective
1668 1904 1931 1982 definit,
1998 1927 2127 1990 quo

60 2027 212 2088 alias
269 2025 590 2091 facilitatis
663 2042 732 2088 et
797 2025 1199 2088 difficilitatis
1267 2023 1760 2088 distinctionem
1829 2023 2123 2103 exponit.

57 2144 510 2208 Nihilominus
567 2148 816 2208 bonum
866 2165 1008 2206 non
1062 2163 1290 2226 vagam
1350 2139 1713 2222 quandam,
1784 2139 1901 2202 scd
1948 2140 2125 2223 obje-

59 2263 227 2325 ctive
262 2279 506 2324 certam
538 2265 813 2326 omnino
837 2260 1052 2325 ideam
1097 2279 1273 2338 esse,
1314 2258 1387 2319 in
1413 2256 1712 2320 doctrina
1754 2255 1835 2320 de
1865 2277 2123 2322 summo

53 2380 231 2443 bono
276 2380 636 2465 apparebit.

745 2564 802 2619 d.
869 2566 1164 2619 Summum
1201 2562 1431 2619 bonum.

219 2666 346 2729 Sed
387 2670 673 2743 bonum,
731 2667 1034 2751 opinatur
1077 2667 1393 2753 Spinoza,
1435 2664 1609 2751 quod
1651 2663 2121 2748 unusquisque,

59 2787 168 2869 qui
215 2803 490 2850 sectatur
532 2785 870 2862 virtutem,
930 2786 1064 2849 sibi.
1095 2786 1373 2869 appetiu,
1446 2783 1711 2867 reliquis
1753 2780 2129 2843 hominibus

57 2904 250 2965 etiam
293 2904 511 2989 cupiet
553 2918 619 2965 et
665 2925 742 2965 eo
787 2903 1028 2988 magis,
1089 2925 1216 2987 quo
1278 2902 1591 2978 majorem
1648 2898 1783 2963 Dei
1827 2896 2127 2961 habuerit

53 3021 515 3105 cognitionem.
601 3019 802 3101 (Eth.
846 3024 910 3086 P.
959 3022 1065 3086 IV.
1138 3022 1240 3083 Pr.
1280 3014 1629 3093 XXXVII.)
1715 3016 1882 3076 Cum
1942 3014 2123 3076 enim

51 3159 280 3201 omnes
335 3138 636 3201 homines
693 3138 981 3225 cogitant
1036 3153 1230 3222 atque
1284 3136 1357 3195 in
1417 3154 1641 3197 eorum
1688 3128 2112 3213 cogitatione,

45 3272 268 3341 utpote
309 3256 387 3318 in
441 3254 662 3322 divina
720 3277 789 3321 se
843 3257 1057 3339 ipsam
1118 3252 1532 3338 concipiente
1591 3247 1909 3324 essentia,
1980 3246 2118 3310 Dei

48 3371 196 3435 idea
252 3372 656 3451 continetur,
723 3372 878 3435 huic
930 3372 1115 3436 ideae
1174 3369 1649 3436 convenienter
1692 3367 1795 3429 vel
1852 3364 1927 3427 in
1968 3365 2123 3429 Deo

45 3489 264 3555 vivere
307 3490 628 3555 humanae
669 3508 938 3555 naturae
979 3492 1188 3574 legem
1233 3509 1377 3553 esse
1404 3471 1628 3573 procui
1666 3482 1863 3546 dubio
1907 3482 2120 3565 sequi—

43 3621 168 3669 tur.
259 3606 510 3671 Omnes
565 3606 660 3671 sic
716 3608 1008 3673 viventes
1068 3608 1386 3671 essentiae
1444 3625 1597 3668 suae
1640 3603 2119 3681 obtemperant,

49 3723 222 3807 quod
276 3744 420 3787 non
475 3723 607 3789 nisi
663 3726 858 3787 tertio
928 3723 1323 3809 cognitionis
1390 3742 1631 3805 genere
1686 3719 1788 3783 vel
1844 3716 2121 3792 ratione,

47 3843 272 3905 omnia
313 3862 398 3904 ex
439 3843 825 3906 necessitate
867 3844 986 3905 sub
1030 3840 1258 3927 Specie
1298 3838 1554 3902 aeterni
1612 3832 2009 3918 adspiciente
2052 3847 2119 3893 et

44 3961 332 4041 genuino
374 3959 632 4024 virtutis
677 3958 902 4038 fonte,
944 3960 1051 4043 qui
1094 3959 1234 4042 ipse
1279 3977 1609 4019 summum
1651 3954 1931 4026 bonum,
1974 3946 2115 4011 fieri

44 4095 273 4159 potest.
348 4076 473 4160 (ef.
532 4076 900 4138 Michelec:
957 4079 1212 4158 System
1258 4072 1373 4134 aer
1410 4072 1655 4149 moral,
1699 4075 1889 4138 1828.
1966 4048 2111 4131 ‘Die

47 4195 596 4280 Gliickseligkeit:
660 4194 897 4260 Zweck
952 4194 1062 4258 des
1120 4190 1613 4256 theoretischen
1668 4189 1983 4255 Wissens,
2044 4210 2114 4270 p.

1542 4292 1615 4357 D
