2588 4687
1241 266 1771 342 -16-——‘

455 444 884 510 nihilominus
931 442 1012 508 ad
1053 464 1162 508 eas
1204 462 1276 507 se
1316 463 1461 506 non
1488 441 1899 507 determinat.
1984 441 2164 506 Talis
2208 415 2391 506 enim
2424 443 2512 506 de·

455 562 828 628 terminatio
887 578 1059 628 esset
1131 561 1434 646 negativa
1506 561 1794 627 activitas
1862 575 1928 624 et
1998 561 2397 624 substantiae
2446 563 2513 622 in
2552 559 2554 570 '

455 700 526 745 se
565 681 708 759 ipsa
747 677 1120 744 discrimen.
1231 679 1425 760 Quod
1482 701 1639 742 vero
1690 677 1832 741 fieri
1872 678 2132 762 nequit,
2204 679 2509 762 quoniam

455 795 813 880 secundum
863 797 1236 882 primariam
1280 797 1603 882 Spinozae
1661 795 2185 883 suppositionem
2229 797 2507 859 substan·
2554 779 2556 802 ²

455 915 582 980 tiae
627 918 810 978 nonio
853 937 1052 980 omne
1093 916 1230 998 ejus
1273 915 1349 978 in
1392 937 1462 980 se
1504 915 1865 980 discrimen
1908 913 2215 1014 excludit.
2299 915 2503 996 Itaque

457 1054 720 1112 omnes,
783 1054 939 1117 quas
996 1032 1189 1096 affert
1243 1033 1531 1118 Spinoza
1586 1031 1984 1097 substantiae
2036 1030 2505 1096 determinatio-

452 1171 610 1227 nes,
650 1149 943 1230 aliunde,
997 1172 1194 1236 quam
1237 1173 1324 1216 ex
1366 1151 1723 1216 substantia
1762 1150 2191 1232 proveniant,
2246 1169 2505 1212 necesse
2556 1151 2558 1154 ⁴

397 1252 406 1264 ⁰
453 1286 583 1334 est.
665 1269 910 1332 Earum
953 1289 1191 1352 nempe
1233 1268 1631 1354 principium
1676 1286 1777 1334 est
1816 1268 2213 1345 intellectus,
2256 1268 2369 1351 qui
2408 1286 2505 1328 ex·
2558 1290 2560 1376 ⁴

453 1405 554 1450 tra
577 1388 1018 1451 -substantiam
1053 1386 1294 1471 aliquid
1339 1387 1710 1472 cognoscit,
1784 1386 1959 1471 quod
2000 1387 2102 1463 ei,
2159 1405 2356 1471 quare
2396 1404 2504 1444 ne·

347 1503 354 1524 '
451 1505 610 1581 scit,
665 1505 1064 1570 substantiae
1105 1506 1461 1569 essentiam
1506 1504 1912 1568 constituere
1956 1502 2244 1572 videtur,
2298 1519 2366 1564 et
2404 1501 2502 1562 hic
2558 1533 2560 1578 3

449 1622 624 1686 idem
653 1624 1010 1688 intellectus
1043 1624 1346 1686 attributa
1378 1623 1451 1686 in
1496 1623 1922 1686 substantiam
1958 1621 2181 1688 infert.
2560 1640 2562 1706 !

1221 1746 1277 1800 2.
1346 1738 1714 1794 Atta-thurum.

617 1826 937 1888 Attributa
985 1828 1272 1913 speciem
1329 1850 1483 1912 prae
1527 1849 1595 1892 se
1638 1827 1890 1903 ferunt,
1965 1847 2039 1888 ac
2081 1825 2138 1888 si
2172 1825 2503 1908 particula·

449 1946 548 2006 ria
589 1944 970 2006 universalis
1019 1945 1413 2008 substantiae
1470 1962 1807 2008 momenta
1862 1959 2099 2010 essent.
2186 1942 2313 2002 Ubi
2359 1962 2501 2002 vero
2563 2025 2564 2032 ἵ

449 2060 880 2123 substantialis
926 2062 1367 2124 universalitas
1426 2063 1501 2124 in
1541 2062 2110 2148 particularitatem
2164 2080 2231 2122 se
2274 2057 2503 2121 destin-
2562 2037 2564 2116 J

449 2192 703 2261 gueret,
765 2193 902 2239 tum
949 2201 1202 2263 quoque
1245 2181 1634 2257 substantia,
1698 2181 1985 2242 activitas
2030 2165 2366 2262 negativa,
2432 2177 2500 2236 in

448 2313 520 2359 se
554 2315 621 2357 se
665 2316 748 2357 ex
792 2316 862 2359 se
903 2295 976 2358 in
1013 2297 1310 2360 attributa
1348 2297 1764 2376 discerneret,
1808 2297 2241 2380 attributaque
2284 2314 2501 2357 neces·
2564 2338 2566 2401 4

447 2413 618 2478 sario
635 2430 698 2473 et
713 2417 1070 2495 quantitate
1099 2434 1161 2475 et
1192 2417 1491 2499 qualitate
1506 2417 1688 2476 finita
1721 2437 1860 2479 esse
1888 2415 2219 2480 deberent.
2264 2416 2502 2476 Contra

445 2530 725 2615 Spinoza
757 2532 1177 2593 substantiam
1209 2532 1469 2595 infinita
1502 2534 1801 2596 attributa
1815 2532 2048 2594 habere
2080 2532 2324 2596 asserit.
2354 2530 2502 2603 „At-

343 2680 348 2686 ·
445 2650 752 2711 tributum
783 2665 879 2711 est
911 2671 1105 2711 omne
1146 2650 1236 2723 id,
1287 2651 1456 2734 quod
1487 2652 1849 2714 intellectus
1882 2668 1952 2711 ut
1984 2648 2373 2712 substantiae
2417 2668 2503 2710 es·

442 2767 714 2830 sentiam
747 2767 1157 2831 constituens
1186 2768 1536 2852 percipit.“
1578 2770 1765 2849 (Eth.
1811 2772 1877 2835 P.
1896 2772 1948 2835 1.
2002 2766 2162 2832 Def.
2183 2770 2286 2832 1v.
2318 2770 2499 2851 Prop-

443 2885 604 2951 x1X.
647 2884 835 2964 XVI.)
919 2886 1282 2947 Substantia
1328 2908 1395 2949 se
1436 2887 1645 2972 ipsam
1704 2888 1777 2949 in
1817 2888 1986 2949 hanc
2040 2884 2355 2948 attributis
2400 2883 2501 2945 de-

443 3002 855 3065 terminatam
913 3004 1360 3067 exsistentiam
1415 3007 1736 3089 explicare
1792 3027 1937 3068 non
1990 3020 2234 3090 potest;
2312 3023 2497 3076 nam,

441 3140 588 3181 cum
629 3143 821 3186 causa
851 3124 949 3185 sui
995 3124 1108 3202 sit,
1153 3123 1564 3188 differentiae
1606 3146 1792 3189 causa
1823 3145 1961 3187 esse
2004 3121 2253 3206 nequit.
2338 3119 2501 3198 Quia

437 3235 633 3318 igitur
672 3241 1025 3303 substantia
1066 3243 1482 3319 universum,
1527 3242 1653 3305 sed
1697 3243 2069 3306 universum
2117 3241 2264 3301 sine
2307 3237 2497 3322 parti-

435 3351 634 3412 culari
677 3354 793 3429 sit,
855 3358 1159 3420 attributa
1199 3381 1345 3421 non
1386 3378 1460 3422 ut
1503 3362 1894 3425 substantiae
1936 3357 2315 3442 negationes
2358 3376 2499 3435 Per‘

433 3468 830 3554 ⁸P5031212t¹²¹³2
909 3494 1100 3554 quam
1163 3478 1245 3537 ob
1302 3498 1443 3539 retn
1501 3478 1783 3561 Spinoza
1837 3480 2007 3540 bene
2052 3475 2338 3538 attributi
2384 3495 2499 3533 no-

432 3608 592 3650 men
636 3585 958 3664 adhibuit,
1022 3590 1168 3673 quia
1211 3614 1436 3655 revera
1480 3616 1711 3657 omnes
1760 3594 2155 3657 attributivas
2198 3589 2498 3653 determi-

431 3708 733 3769 nationes
796 3709 1190 3772 substantiae
1239 3728 1507 3774 externa
1564 3714 1822 3775 ratione
1880 3712 2242 3776 tribuimus,
2338 3710 2497 3771 Sunt

433 3823 738 3886 attributa
778 3824 848 3887 id
888 3829 1139 3911 potius,
1215 3830 1385 3914 quod
1428 3832 1793 3894 intellectus
1840 3830 1919 3892 de
1958 3829 2317 3894 substantia
2358 3848 2497 3906 per-

429 3938 620 4021 cipit.
685 3941 932 4025 Itaque,
979 3968 1124 4007 cum
1161 3950 1465 4011 attributa
1510 3949 1907 4013 substantiae
1939 3947 2196 4031 negatio
2234 3947 2329 4007 vel
2366 3944 2497 4005 uni·

428 4055 606 4117 versi
645 4059 1108 4139 particularitas
1154 4088 1294 4127 non
1340 4069 1492 4142 sint,
1537 4090 1783 4138 revera,
1830 4069 1977 4149 quia
2022 4064 2373 4129 substantia
2420 4086 2483 4121 το

416 4158 582 4235 Esse
623 4189 752 4249 est,
795 4177 955 4237 nihil
1000 4181 1130 4242 nisi
1185 4184 1371 4244 Nihil
1418 4201 1590 4247 sunt.

2236 4260 2501 4327 Deinde
