2588 4687
579 941 1044 1036 CAPUT
1154 941 1778 1038 PRIMUM:

228 1284 297 1347 E
312 1281 716 1375 philosophia
750 1288 1124 1354 Canesiana
1154 1290 1225 1353 in
1254 1309 1398 1354 eam
1426 1291 1744 1380 Spinozae
1771 1293 2096 1357 transitus.

100 1473 183 1577 S
195 1513 703 1578 cholasticorum
731 1515 1139 1600 philosophia
1158 1532 1290 1576 tam
1307 1516 1618 1577 Realismi
1645 1539 1792 1580 cum
1810 1518 2200 1594 Nominalis·

96 1655 235 1694 mo
250 1632 627 1708 certamine,
658 1653 847 1714 quam
875 1630 1344 1716 reformatione·
1367 1631 1898 1720 ecclesiaewpaene
1924 1635 2204 1699 exstinc-

94 1765 205 1824 ta,
237 1767 485 1809 novum
509 1747 958 1831 philosophiae
983 1746 1458 1810 incrementum
1486 1747 1702 1832 vigere
1724 1747 1993 1834 incepit,
2021 1752 2202 1834 cujus

96 1863 451 1948 objectum
480 1884 627 1926 non.
653 1865 863 1928 solum
906 1887 1087 1928 mera
1118 1864 1452 1950 cogitatio,
1493 1883 1624 1928 nec
1648 1867 1726 1928 ab
1759 1868 2024 1930 ecclesia
2055 1867 2200 1930 data

95 1981 283 2044 fides
310 1997 383 2042 ut
412 1983 751 2066 supposita
775 1982 1033 2060 veritas,
1076 1981 1192 2048 sed
1219 1983 1504 2044 absoluta
1533 1984 1816 2048 veritatis
1845 2001 1911 2048 et
1939 1986 2200 2048 certitu-

100 2097 295 2160 dinis
322 2097 570 2177 unstas,
612 2097 753 2184 ipsa
781 2101 1204 2185 intelligibilis
1233 2099 1386 2162 Idea
1411 2099 1552 2166 fuit.
1629 2105 1844 2182 Quare
1879 2104 2198 2166 recentio-

101 2193 268 2277 rurn
295 2214 699 2302 philosophia
729 2218 1035 2282 Universi
1069 2217 1540 2295 differentiam,
1584 2222 1772 2302 quale
1803 2221 1884 2282 sit
1917 2237 1983 2282 et
2014 2223 2195 2306 quale

102 2333 473 2419 cogitetur,
526 2331 761 2394 deinde
799 2357 951 2397 vero
991 2335 1177 2412 hujus
1218 2334 1629 2401 differentiae
1674 2336 2066 2397 solutionem
2122 2337 2196 2395 fi-

100 2474 279 2515 nem
320 2450 441 2514 sibi
479 2451 713 2535 posuit.
817 2454 1099 2535 Operam
1138 2472 1443 2533 magnam
1488 2451 1596 2512 dat
1636 2427 1855 2513 rerum
1897 2470 2196 2515 externa-

104 2593 265 2631 rum
302 2568 675 2652 cogitationi
703 2585 768 2630 et
804 2568 1201 2653 cognitioni,
1255 2568 1562 2652 inprimis
1590 2585 1806 2630 autem
1834 2568 2081 2653 studet,
2127 2587 2196 2631 ut

106 2687 525 2771 cogitationis
557 2688 656 2749 vel
686 2686 1031 2771 cogitantis
1062 2702 1126 2747 et
1152 2686 1412 2769 cogitati
1443 2688 1540 2749 vel
1572 2686 1667 2747 rei
1697 2686 2014 2749 unitatem
2047 2709 2194 2771 cog-

102 2821 366 2875 noscat.
468 2806 645 2885 Quae
700 2805 915 2869 unitas
956 2804 1238 2889 primum
1298 2803 1721 2889 supponitur,
1781 2825 1988 2891 usque
2029 2783 2186 2865 dum

104 2922 389 2989 scientia
430 2942 508 2983 eo
548 2923 878 3006 pervenit,
936 2937 1008 2981 ut
1050 2921 1215 2981 nihil
1262 2938 1590 3006 supponat
1631 2937 1823 3001 atque
1863 2944 1948 2983 ex
1983 2938 2193 2983 semet

102 3042 256 3125 ipse
298 3037 639 3099 veritatem
680 3036 997 3113 producat
1036 3052 1103 3097 et
1146 3036 1321 3097 sciat.
1419 3027 1783 3113 Utrumque
1825 3034 2018 3115 igitur
2062 3034 2190 3095 ele-

102 3168 453 3227 mentum,
492 3150 567 3211 in
608 3172 737 3232 quo
782 3150 1163 3211 recentioris
1206 3149 1517 3233 temporis
1555 3148 1964 3233 philosophia
1999 3151 2190 3215 initio

103 3286 431 3345 versatur,
468 3284 568 3333 est
592 3270 795 3331 Reale
823 3283 887 3329 et
912 3264 1123 3329 Ideale
1157 3266 1256 3329 vel
1286 3265 1450 3331 Esse
1477 3282 1541 3329 et
1571 3266 1884 3351 Cogitate.
1969 3272 2188 3356 Itaque

106 3387 523 3477 philosophia
578 3388 653 3449 in
704 3385 1105 3451 Realismum
1154 3402 1217 3449 et
1260 3383 1670 3449 Idealismum
1727 3406 1796 3449 se
1849 3386 2186 3464 discernit,

109 3528 396 3595 quorum
418 3507 595 3589 prior
620 3505 1119 3591 perceptionum
1160 3526 1279 3591 per
1319 3526 1550 3569 sensus
1596 3504 1994 3577 effectarum,
2017 3508 2187 3569 veri-

114 3640 322 3693 tatem
362 3639 427 3685 et
466 3622 915 3687 certitudinem
962 3623 1306 3687 ostendere
1347 3644 1422 3683 ac
1464 3623 1922 3706 cogitationem
1978 3644 2062 3683 ex
2106 3624 2182 3685 iis

118 3744 373 3819 elicere,
414 3741 746 3826 posterior
780 3759 932 3801 vero
961 3742 1416 3823 cogitationem
1450 3756 1520 3802 ut
1564 3761 1630 3801 se
1654 3741 1858 3821 ipsam
1892 3736 2181 3801 determi-

117 3878 388 3927 nantem
433 3861 697 3945 ejusque
738 3857 814 3917 in
870 3876 938 3918 se
982 3856 1435 3917 certitudinem
1479 3874 1788 3935 tanquam
1843 3856 2176 3919 veritatem

124 3980 565 4045 demonstrare
608 3974 837 4039 studet.
920 3972 1279 4035 Realismus
1327 3992 1364 4033 a
1393 3974 1652 4035 Bacone
1695 3974 2039 4059 praecipue
2071 3997 2180 4035 ex-

39 4111 46 4117 ·
125 4100 462 4161 colebatur.
548 4089 969 4175 Philosophus
1014 4088 1408 4154 Teutonicus
1456 4107 1716 4169 contra,
1774 4092 1963 4154 fidem
2011 4090 2176 4151 chri·

1129 4216 1133 4220 ·
1621 4193 1681 4253 Α
