2588 4687
890 311 1362 372 -39—

77 468 363 531 veritate
410 467 861 533 certitudinem
906 473 1195 548 invenit,
1252 473 1397 557 quia
1438 473 1562 536 hoc
1607 475 1866 537 tertium
1910 494 2146 560 cogno·

78 583 314 649 scendi
341 607 543 672 genus
583 609 620 648 a
662 588 981 671 prioribus
1029 590 1386 674 cognitioni
1413 594 1752 675 generibus
1781 608 1911 654 tam
1942 591 2148 655 diver·

76 725 227 765 sum
276 725 418 767 esse
462 704 779 782 affirmat,
823 723 891 768 ut
935 706 1346 792 adaequatam
1389 709 1598 772 ideam
1649 711 2030 786 habentem,
2073 727 2144 772 so

73 840 235 881 vera
268 837 445 883 certo
480 843 891 907 cognoscere,
931 825 1151 910 fugere
1179 847 1320 888 non
1350 829 1574 912 possit,
1615 845 1682 890 et
1709 848 1934 890 omnes
1961 825 2140 888 ideae

71 957 275 999 verae
306 959 415 1000 seu
446 938 833 1025 adaequatae
864 962 1003 1004 esse
1031 941 1332 1016 debeant,
1377 967 1536 1028 quae
1578 945 1652 1006 in
1681 960 1902 1008 mente
1932 965 2013 1006 ex
2040 942 2140 1004 ad·

70 1073 347 1138 aequata
388 1055 531 1119 idea
577 1076 941 1142 sequantur.
1051 1061 1232 1144 (Etb.
1304 1065 1368 1124 P.
1413 1065 1491 1125 11.
1548 1066 1731 1146 Prop.
1771 1063 1909 1130 XL<
1952 1064 2139 1141 Prop.

69 1175 519 1237 XXXVIII—
550 1178 813 1258 XLIII.)
897 1179 1041 1264 Ipse
1100 1181 1383 1264 Spinoza
1443 1179 1601 1244 adeo
1656 1180 1784 1244 hoc
1839 1195 2140 1260 respectu

69 1294 503 1357 memoranda
545 1299 737 1358 verba
777 1297 950 1382 (Ep.
992 1302 1258 1366 LXXIV.
1303 1325 1365 1386 p.
1400 1299 1575 1380 697)
1629 1300 1896 1362 Alberto
1929 1298 2140 1382 Burgh

71 1411 367 1496 scripsit:
453 1433 571 1496 ego
627 1432 770 1475 non
810 1435 1197 1495 praesumo,
1279 1439 1389 1480 me
1434 1418 1747 1501 optimam
1804 1420 2134 1482 invenisse

63 1531 586 1615 Philosophiam,
672 1532 784 1595 sed
845 1555 1065 1597 veram
1123 1557 1232 1598 me
1285 1537 1644 1620 intelligere
1701 1538 1859 1605 scio.
1959 1539 2138 1616 ‚Quo

44 1648 275 1711 ·modo
318 1665 531 1710 autem
573 1647 641 1710 id
684 1613 921 1728 sciam,
1007 1651 1063 1714 si
1108 1671 1328 1735 roges,
1384 1650 1829 1736 respondebo,
1906 1649 2140 1715 eodem

60 1766 307 1844 modo,
364 1788 439 1828 ac
479 1782 550 1828 tu
594 1766 717 1829 scis
765 1781 895 1828 tres
936 1765 1231 1852 Angulos
1274 1770 1614 1854 Trianguli
1657 1771 1949 1851 aequales
1995 1787 2136 1831 esse

60 1884 321 1948 dnobus
362 1884 557 1948 rectis
597 1915 685 1930 --
726 1901 825 1948 est
866 1885 1045 1950 enim
1087 1908 1314 1951 verum
1355 1884 1559 1948 index
1601 1886 1702 1946 sui
1745 1901 1812 1948 et
1846 1884 2008 1952 falsi.

636 2059 735 2122 .2.
824 2053 904 2116 V
894 2074 1081 2114 erum
1124 2067 1195 2116 ec
1236 2055 1531 2120 Falsum.

236 2172 409 2254 Quia
450 2172 681 2257 igitur,
722 2187 797 2234 ut
839 2173 1161 2254 vidimus,
1202 2175 1277 2236 in
1308 2174 1657 2260 adaequata
1698 2188 1953 2236 tantum
1990 2166 2134 2232 idea

54 2291 219 2356 idea
278 2310 426 2353 cum
492 2288 706 2354 ideato
776 2290 1009 2357 intime
1066 2272 1416 2379 conjuncta
1474 2293 1592 2372 sit,
1674 2292 2008 2358 veritatem
2056 2287 2135 2351 in

52 2410 457 2495 adaequata,
544 2429 831 2471 errorem
887 2411 962 2472 in
1015 2409 1444 2497 inadaequata
1484 2411 1630 2475 idea
1673 2426 1974 2473 constare
2014 2427 2138 2469 ne-

48 2528 345 2593 cessario
389 2528 698 2612 sequitur.
781 2524 1159 2593 Accuratius
1202 2551 1358 2593 vero
1404 2530 1685 2610 Spinoza
1729 2549 1764 2589 e
1810 2527 2130 2610 quantita-

48 2650 137 2713 tis
191 2646 513 2731 principio
571 2647 809 2709 erroris
866 2663 931 2708 et
988 2650 1273 2711 veritatis
1334 2646 1772 2711 differentiam
1830 2649 1921 2708 ita
1966 2662 2128 2704 con-

46 2765 273 2833 stituit
311 2764 509 2842 (Etb.
552 2768 618 2833 P.
662 2766 739 2833 11.
797 2768 989 2849 Prop.
1034 2766 1350 2844 XXXV.):
1401 2766 1664 2828 Falsitas
1708 2760 2011 2834 consistit
2051 2758 2130 2819 in

44 2884 450 2969 cognitionis
473 2886 905 2965 privatione,
956 2904 1149 2966 quam
1193 2884 1376 2945 ideae
1408 2883 1793 2967 adaequatae
1823 2881 1959 2944 sive
1987 2900 2130 2939 mu-

44 2996 277 3065 til'atae
305 3016 371 3060 et
408 2996 719 3059 confusae
762 2995 1124 3058 involvunt.
1180 2998 1573 3063 Demonstr.
1617 2994 1802 3055 Nihil
1841 2996 1918 3053 in
1961 2995 2122 3055 ideis

44 3116 414 3205 positivum
460 3108 675 3183 datur,
747 3108 920 3191 quod
963 3109 1257 3171 falsitatis
1301 3110 1576 3171 formam
1619 3109 2000 3185 constituat;
2059 3122 2125 3167 at

9 3232 303 3301 'salsitas
347 3225 422 3286 in
464 3226 750 3288 absoluta
792 3224 1155 3309 privatione
1216 3224 1577 3288 consistere
1619 3225 1844 3309 nequit
1886 3226 2125 3308 (Men-

45 3373 149 3417 tes
206 3345 419 3424 enim,
460 3366 606 3408 non
641 3314 927 3430 Corpora
957 3364 1171 3406 errare
1212 3364 1338 3407 nec
1367 3343 1498 3407 fani
1528 3343 1866 3423 dicuntur)
1905 3363 2121 3429 nequo

48 3473 261 3536 etiam
302 3466 376 3529 in
420 3467 703 3527 absoluta
743 3462 1139 3549 ignorantia3
1192 3462 1445 3526 diversa
1501 3464 1680 3526 enim
1740 3480 1890 3529 sunt
1930 3465 2119 3547 igno-

46 3608 205 3652 rare
249 3602 313 3649 et
354 3606 601 3663 errare;
664 3606 861 3669 quare
917 3584 992 3646 in
1051 3582 1443 3670 cognitionis
1483 3582 1882 3669 privatione,
1923 3600 2116 3678 quam

54 3724 283 3769 rerum
338 3702 764 3785 inadaequata
822 3699 1143 3786 cognitio,
1229 3703 1366 3765 sive
1421 3699 1602 3762 ideae
1657 3696 2118 3780 inadaequatae

58 3841 125 3887 et
170 3820 479 3884 confusae
519 3817 895 3891 involvunt,
982 3815 1304 3879 consistit.
1413 3818 1656 3877 Contra
1699 3810 1882 3891 (Etb.
1922 3810 1992 3875 P.
2036 3813 2116 3873 11.

59 3938 441 4003 Pro-XLIII.
470 3931 890 4011 Demonstr.)
933 3930 1077 3993 idea
1104 3952 1255 3992 vera
1294 3930 1369 3993 in
1410 3931 1602 3992 nobis
1648 3943 1747 3991 est
1788 3928 2115 4010 illa,·quae

54 4060 135 4121 in
176 4056 369 4128 Deo,
416 4048 729 4135 quatenus
773 4070 889 4132 per
931 4063 1223 4108 naturam
1268 4044 1514 4110 Mentis
1558 4044 1878 4107 humanae
1919 4046 2118 4126 expli·

54 4186 263 4245 catur,
294 4182 397 4230 est
423 4164 803 4251 adaequata;
848 4162 1083 4244 (Schol.
1115 4160 1316 4246 ejusd.
1351 4159 1568 4247 prop.)
1596 4182 1810 4227 veram
1837 4182 2120 4249 namque
