2588 4687
854 305 1331 366 —21—

29 481 183 542 3tuat
226 482 291 529 et
332 466 691 528 substantia
732 466 1029 550 negativa
1070 451 1364 528 omnium
1414 465 1838 528 accidentium
1885 481 2105 550 potes-

29 599 139 646 ·tas
211 583 493 670 ideoque
544 600 610 648 et
686 585 979 669 potentia
1034 602 1101 648 et
1154 585 1407 648 realitas
1462 606 1686 646 eorum
1731 584 1850 657 sit,
1937 603 2100 668 quac

27 721 179 764 ¹non
237 703 456 766 minus
512 722 583 766 se
624 701 923 787 negando
979 724 1052 766 ea
1108 719 1306 788 ponat
1350 703 1454 766 vel
1491 700 1837 786 producat,
1903 721 2100 784 quam

50 837 109 880 se
152 819 467 902 ponendo
524 841 601 882 ea
630 833 634 838 ’
660 836 852 904 neget
905 838 971 883 et
1010 821 1308 905 negando
1359 821 1572 900 tollat,
1637 818 1748 884 sed
1803 817 2098 882 acciden-
2192 853 2198 861 ·

44 937 195 1006 tium
230 959 351 1022 per
392 938 811 1002 substantiam
856 939 1116 1024 negatio
1160 956 1450 1016 tantum,
1489 957 1632 1001 non
1670 957 1826 1000 vero
1869 957 2098 1000 eorum

44 1075 121 1125 ex
173 1055 315 1140 ipsa
370 1055 607 1140 positio
663 1055 1097 1141 intelligatur,
1162 1075 1388 1120 tamen
1444 1058 1614 1120 clare
1669 1072 1736 1118 et
1793 1055 2096 1121 distincte

44 1175 329 1236 absoluta
390 1173 779 1238 substantiae
831 1192 1119 1260 potestas
1182 1175 1603 1262 perspicitur,
1662 1191 1844 1238 extra
1902 1194 2094 1258 quam

40 1289 219 1352 Nihil
265 1311 414 1356 esse
452 1307 703 1376 potest,
742 1315 933 1376 quam
980 1295 1063 1355 ob
1104 1316 1245 1357 rem
1288 1293 1547 1372 omnia,
1593 1313 1756 1380 quae
1806 1308 1979 1368 sunt,
2021 1291 2096 1352 in

42 1409 391 1474 substantia
445 1426 619 1474 sunt.
716 1413 939 1494 Itaque
999 1412 1362 1490 Definitio,
1424 1435 1616 1494 quam
1671 1411 1957 1498 Spinoza
2014 1407 2096 1470 do

38 1523 180 1588 Deo
222 1527 543 1612 proponit
585 1526 782 1607 (Eth.
824 1530 889 1588 P.
922 1531 977 1591 Ι.
1014 1529 1111 1593 D.
1136 1531 1320 1608 vl.):
1381 1533 1500 1590 Per
1538 1529 1764 1596 Deum
1804 1523 2092 1609 intelligo

36 1639 167 1708 Ens
219 1647 513 1710 absolute
550 1643 925 1720 infinitum,
973 1645 1103 1708 hoc
1143 1663 1300 1730 est„
1333 1643 1752 1706 substantiam
1799 1657 2095 1704 constan·

36 1773 155 1824 tem
201 1763 483 1825 infinitis
530 1761 887 1852 attributis,
953 1783 1225 1844 quorum
1284 1781 1494 1824 unum
1554 1759 1851 1844 quodque
1894 1773 2099 1818 aeter·-
2177 1729 2189 1745 Χ

32 1897 184 1942 uam
244 1895 319 1940 et.
366 1877 691 1940 infinitam
752 1882 1097 1942 essentiam
1149 1877 1494 1962 exprimit:
1575 1896 1652 1938 ea
1707 1873 2098 1939 substantiae

32 1998 237 2058 multo
281 1993 557 2058 inferior
597 2011 721 2058 est.
778 1997 985 2058 ·Nam
1026 1997 1171 2062 Ens
1214 1995 1548 2058 inlinitum
1601 1993 1768 2058 nihil
1821 1991 1950 2054 nisi
1995 1993 2094 2054 ab·

32 2128 261 2176 stracta
302 2112 518 2178 unitas
561 2128 697 2189 est,
740 2134 905 2196 quae
945 2114 1396 2182 attributorum
1426 2111 1862 2180 differentiam
1903 2109 1978 2170 in
2021 2129 2090 2172 se

30 2247 89 2320 ut
136 2229 593 2294 indifferentia
649 2252 874 2296 eorum
930 2232 1177 2316 recipit.
1277 2237 1448 2296 Cum
1499 2230 1693 2318 igitur
1749 2228 1964 2290 omnis
2006 2229 2086 2288 ab

28 2346 192 2427 Ente
240 2348 581 2413 actuositas
633 2350 835 2427 absit,
901 2371 1157 2413 numen
1204 2371 1586 2437 supremum
1646 2367 1856 2433 paene
1910 2342 2084 2405 idem

30 2486 166 2549 cum
214 2466 343 2531 hoc
380 2468 534 2531 Deo
591 2486 731 2531 esse
773 2485 1053 2551 apparet.
1135 2466 1521 2532 Accuratius
1558 2467 1750 2533 Entis
1791 2462 2080 2527 infinitas

27 2582 90 2645 in
132 2606 213 2649 eo
258 2585 556 2667 ponitur,
606 2582 777 2668 quod
818 2584 1096 2648 infinitis
1138 2587 1456 2649 attributis
1502 2583 1934 2668 compositum
1976 2579 2078 2643 sit.

32 2704 267 2765 Contra
309 2703 381 2764 in
424 2700 804 2767 definitione
848 2705 1245 2769 substantiae
1285 2719 1510 2788 utpote
1553 2721 1782 2765 causae
1825 2698 1922 2759 sui
1965 2694 2082 2756 dif-

30 2818 357 2883 ferentiam
404 2820 724 2883 essentiae
768 2837 832 2884 et
861 2822 1283 2885 exsistentiae
1325 2844 1411 2884 ex
1449 2819 1656 2903 ipsius
1688 2811 2081 2879 substantiae

30 2940 291 3003 notione
335 2939 580 3020 nullam
625 2956 762 2998 esse
804 2941 1145 3019 probatur,
1207 2939 1318 2997 hic
1363 2957 1513 2997 vero
1556 2936 1856 2995 attributa
1897 2929 2082 3011 prin-

34 3056 259 3141 cipium
306 3051 749 3124 constituunt,
817 3052 991 3110 unde
1033 3072 1153 3113 ens
1196 3047 1530 3108 infinitum
1577 3062 1846 3105 externo
1889 3038 2083 3099 modo

32 3170 363 3235 derivatur.
447 3163 641 3228 Unde
683 3165 853 3226 hanc
880 3166 1013 3228 Dei
1056 3164 1501 3228 definitionem
1545 3165 1670 3241 jam
1716 3157 1788 3217 in
1831 3177 1906 3218 ea
1945 3156 2084 3217 sub·

32 3292 298 3354 stantiae
354 3283 680 3349 contineri
739 3283 1061 3368 sequitur,
1148 3303 1376 3368 quare,
1461 3298 1534 3343 ut
1589 3300 1851 3341 omnem
1904 3277 2078 3338 inter

30 3406 242 3471 Deum
287 3422 351 3468 et
381 3402 805 3470 substantiam
837 3402 1279 3467 differentiam
1323 3400 1602 3478 auf-erat,
1643 3400 1834 3463 verba
1877 3396 2074 3461 etiam

34 3526 221 3589 addit:
265 3526 523 3598 Deum,
577 3521 703 3585 hoc
744 3540 873 3603 est,
930 3523 1354 3588 substantiam
1398 3526 1808 3586 constantem
1851 3512 2074 3576 infini-
2119 3502 2122 3507 ¹

38 3643 102 3707 tis
139 3641 462 3707 attributis
518 3654 636 3702 etc.
726 3644 1224 3726 Consequenter
1270 3642 1547 3727 Spinoza
1605 3639 1796 3722 igitur
1838 3635 1912 3693 in
1955 3629 2072 3688 de-

38 3758 313 3824 finitione
340 3757 510 3833 Dei,
551 3776 702 3819 curn
744 3760 819 3819 in
862 3761 998 3843 ejus
1043 3760 1430 3844 cogitatione
1459 3758 1600 3819 Ens
1645 3775 1714 3815 se
1759 3748 1839 3810 ad
1869 3767 1936 3808 se
1979 3763 2072 3806 re·

41 3875 239 3941 ferens
296 3894 486 3959 atque
547 3895 615 3939 se
656 3876 748 3936 in
806 3895 911 3949 se,
1027 3899 1096 3939 se
1153 3898 1191 3936 a
1244 3873 1498 3935 mundo
1551 3874 1790 3934 saltem·
1830 3864 2066 3927 discer-

43 4014 188 4060 nens
245 3994 504 4079 cogitari
566 3996 801 4069 soleat,
900 4012 986 4054 ne
1044 3994 1203 4053 haec
1260 3990 1558 4071 cogitatio
1619 3988 1921 4057 oriatur„
1984 3977 2065 4040 ad

48 4114 416 4179 substantiae
446 4114 786 4176 notionem
833 4110 1015 4175 redit.
1104 4114 1311 4191 Quam
1345 4109 1424 4169 ob
1454 4126 1589 4167 rem
1619 4104 1776 4168 haec
1817 4098 2064 4165 inutilis
