2588 4687
885 315 1361 372 --2·')·--

41 475 336 537 iufinito
404 492 546 536 actu
639 477 811 536 nulla
879 475 1331 537 determinatio
1412 479 1505 536 vel
1569 480 1818 559 negatio
1874 478 2145 560 ideoque

43 593 248 654 nulla
297 594 574 654 mutatio
623 593 820 655 adest.
909 593 1166 654 Infinita
1223 591 1415 675 igitur
1473 595 1857 669 substantia,
1936 596 2144 679 quoad

45 712 386 793 spatium,
430 711 844 773 indivisibilis
895 729 957 772 et
991 711 1663 773 incommensurabilis
1710 715 1806 774 vel
1852 713 2145 798 simplex,

43 845 156 904 et,
231 827 451 910 quoad
496 846 786 911 tempus,
861 829 1004 891 sine
1049 827 1386 890 duratione
1443 827 1609 908 (etsi
1652 829 1811 892 haee
1854 831 2143 894 omnium

41 963 448 1026 temporum
491 963 744 1030 tempus
787 944 1202 1025 includeret)
1237 947 1334 1008 vel
1384 961 1671 1006 aeterna
1716 963 1834 1016 est.
1876 949 1925 1027 ·(
1940 949 2147 1033 Cogit.

43 1064 368 1147 Metaph.
425 1067 488 1132 P.
520 1066 594 1127 11.
653 1067 723 1126 C.
755 1066 804 1130 Ι.
835 1063 986 1142 IV.)
1073 1063 1323 1124 Finitae
1370 1063 1627 1147 quidem
1675 1087 1813 1143 res,
1883 1082 2167 1150 propter·

47 1180 444 1264 negativam
487 1195 780 1242 naturam
828 1180 1257 1242 mutationem
1307 1183 1691 1259 subeuntes,
1737 1183 1809 1244 in
1840 1183 2044 1268 spatio
2071 1204 2144 1244 ac

47 1315 374 1382 tempore
414 1298 764 1374 intereunt,
809 1297 920 1360 sed
950 1299 1303 1362 substantia
1331 1315 1594 1363 aeterne
1638 1299 1864 1363 eadem
1896 1317 2161 1366 manet.·

53 1416 199 1480 Sed
248 1436 414 1492 una,
467 1415 725 1479 infinita
769 1431 833 1478 et
877 1432 1138 1478 aeterna
1183 1417 1543 1480 substantia
1588 1419 1878 1480 omnium
1923 1439 2143 1482 rerum

51 1533 408 1596 finitarum
453 1533 710 1616 negatio
767 1553 915 1596 esse
956 1553 1100 1594 non
1141 1549 1397 1616 posset,
1466 1535 1593 1598 nisi
1646 1536 1789 1619 ipsa
1833 1551 2001 1598 esset
2042 1537 2144 1596 ab·

56 1653 284 1713 soluta
328 1649 732 1732 affirmatio.
820 1651 1103 1734 Spinoza
1160 1665 1411 1727 autem,
1476 1651 1551 1712 in
1603 1649 1805 1713 finitis
1852 1652 2143 1713 substan·

55 1767 232 1829 tiam
278 1768 612 1830 infinitam
647 1767 1001 1832 realitatem
1045 1767 1280 1830 habere
1322 1789 1604 1850 negans,
1645 1787 2004 1852 perennem
2050 1789 2145 1830 re·

56 1909 225 1948 rum
269 1886 605 1948 interitum
651 1889 816 1947 clare
872 1887 1232 1946 absolutam
1289 1885 1488 1948 solius
1531 1884 1921 1948 substantiae
1978 1882 2143 1946 affir-

56 2005 432 2069 mationem
489 2005 761 2086 probare
817 2002 1207 2077 exsistimat,
1300 2002 1451 2084 quia
1507 2001 1845 2064 affirmatio
1901 2023 2138 2077 rerum,

61 2142 244 2206 quae
284 2121 360 2180 in
403 2121 526 2184 alio
573 2135 726 2183 sunt
767 2135 832 2182 et
876 2121 954 2180 ab
999 2121 1126 2182 alio
1170 2119 1626 2204 concipiuntur
1670 2136 1737 2184 et
1776 2139 1919 2184 non
1960 2121 2137 2204 ipsae

61 2259 304 2302 causae
351 2239 448 2302 sui
493 2253 780 2315 exstant,
823 2258 990 2300 vana
1038 2239 1122 2300 sit
1166 2238 1432 2322 species.

245 2410 327 2467 In
369 2407 524 2469 Deo
581 2430 616 2468 a
659 2407 846 2469 nobis
889 2406 1272 2467 intellectus
1315 2431 1352 2471 a
1393 2409 1754 2470 voluntate
1810 2406 2139 2489 distingui-

62 2544 214 2603 tur,
273 2546 432 2608 quae
483 2524 814 2589 distinctio
869 2526 942 2585 in
999 2525 1152 2588 Deo
1209 2528 1455 2588 nullum
1516 2526 1867 2588 discrimen
1926 2524 2137 2604 ponit,

63 2646 320 2728 quippe
366 2644 473 2727 qui
503 2663 714 2726 neque
744 2642 1136 2719 intellectus,
1179 2663 1393 2727 neque
1435 2644 1733 2706 voluntas
1783 2644 1973 2703 ullam
2004 2660 2136 2725 spe·

67 2761 320 2822 cificam
391 2760 466 2821 in
551 2761 902 2823 substantia
988 2761 1355 2843 qualitatem
1442 2760 1828 2824 constituere
1903 2774 2135 2843 potest.

67 2881 288 2959 Quam
338 2880 420 2937 ob
466 2898 719 2941 causam
764 2878 839 2938 in
881 2852 1020 2940 Deo
1067 2902 1323 2963 quoque
1365 2900 1575 2962 neque
1616 2876 1974 2951 infinitam,
2016 2895 2137 2935 ne-

69 3016 203 3080 que
279 2995 568 3069 finitam,
663 2994 774 3058 sed
847 2998 1200 3058 absolutam
1270 2996 1719 3078 cogitationem
1780 2992 2135 3071 intelligere

63 3131 344 3175 necesse
387 3127 504 3174 est.
589 3112 974 3171 Intellectus
1028 3112 1158 3176 Dei
1221 3133 1405 3184 vere,
1472 3108 1805 3171 essentiale
1862 3107 1995 3187 ejus
2026 3120 2134 3163 'at-

65 3232 388 3293 tributum
435 3211 875 3306 constituens,
941 3228 1305 3291 necessario
1350 3244 1444 3289 est
1486 3226 1779 3287 infinitus
1824 3244 1949 3285 nec
1990 3223 2131 3285 ullis

6 3362 8 3365 ’
61 3347 383 3409 limitibus
411 3361 622 3429 potest
656 3346 960 3412 coerceri.
1049 3347 1112 3407 Si
1158 3346 1333 3409 enim
1367 3368 1437 3407 re
1482 3344 1749 3429 quadam
1797 3341 1969 3403 finiri
1997 3359 2134 3423 pos·

67 3481 207 3540 set,
276 3477 414 3523 tum
470 3464 544 3523 in
587 3464 738 3554 Deo
796 3480 1148 3547 conceptus
1208 3466 1305 3528 sui
1350 3464 1798 3529 exsistentiam
1840 3481 1980 3524 non
2026 3458 2131 3518 in-

68 3582 374 3645 volveret.
450 3580 622 3643 Nam
654 3580 1016 3643 intellectus
1047 3580 1301 3646 divinus
1330 3604 1661 3666 nunquam
1708 3598 1803 3645 est
1832 3574 2130 3659 eogitatio

69 3698 218 3761 sine
247 3697 663 3771 exsistentia,
705 3697 894 3759 sicuti
923 3718 1044 3761 nos
1089 3722 1225 3762 rem
1253 3698 1425 3761 haud
1456 3670 1871 3763 exsistentem
1918 3690 2130 3771 imagi·

69 3816 218 3875 nari
259 3796 639 3893 possumus,
704 3836 756 3877 e.
802 3834 858 3898 g.
909 3836 1233 3892 mensam,
1283 3838 1441 3900 quae
1482 3814 1773 3901 gramina
1817 3823 2128 3889 carperet.
2174 3883 2179 3887 ,

67 3937 152 3993 In
191 3933 344 3995 Deo
389 3948 616 3993 eontra
673 3934 1028 3995 intellectus
1074 3954 1110 3993 a
1163 3935 1523 3992 voluntate
1579 3930 1847 3991 minime
1894 3920 2128 3998 differt,

69 4049 220 4143 quia
259 4049 542 4111 essentia
600 4051 734 4131 ejus
795 4052 936 4113 sine
995 4050 1371 4113 exsistentia
1428 4044 1687 4130 cogitari
1730 4046 1973 4127 nequit.
2062 4044 2126 4105 Si

69 4183 286 4231 autem
331 4167 400 4229 in
447 4166 670 4229 divino
715 4169 1046 4231 intellectu
1091 4166 1327 4251 aliquid
1371 4180 1573 4241 esset,
1640 4160 1809 4247 quod
1855 4183 1987 4225 uno
2033 4182 2130 4223 eo·
2162 4140 2175 4149 ’
