2588 4687
1271 330 1389 346 -..
1471 290 1556 362 46
1640 327 1759 346 ...-

1145 479 1198 524 ⁰2·
1261 461 1507 516 Laetitia
1548 467 1601 514 d
1634 458 1887 517 tristitia·

700 571 866 632 Cum
905 581 1058 652 ergo
1102 587 1304 629 omne
1343 565 1486 630 Ens
1542 586 1628 628 ex
1684 585 1836 628 suae
1878 573 2148 625 naturae
2186 561 2436 648 legibus
2475 563 2541 624 iu

485 707 556 758 ec
596 709 1005 774 perseverare
1049 701 1355 762 conatur,
1426 705 1498 748 se
1538 683 1755 768 ipsum
1798 680 2105 758 affirmat,
2178 702 2342 764 quae
2384 680 2541 742 affir—

485 809 686 874 matio
729 807 920 870 simul
947 804 1113 866 actio
1157 820 1277 867 est.
1364 801 1661 887 Externa
1704 815 1929 863 contra
1960 798 2408 862 affirmationis
2442 819 2558 892 neg

403 976 416 982 -
485 927 658 1012 gatio
702 924 1136 1011 passivitatem
1183 923 1319 986 sive
1362 922 1697 1008 partialem
1754 919 2079 983 actionem
2121 918 2197 978 in
2236 887 2415 980 Exite
2452 915 2537 978 ef-

485 1043 640 1107 ficit.
721 1040 1082 1104 Affirmatio
1128 1057 1383 1116 autem,
1443 1039 1852 1122 negationem
1899 1037 1998 1099 vel
2038 1035 2406 1116 passionem
2446 1056 2536 1096 ac-

485 1160 666 1224 tione
712 1156 1095 1234 excludens,
1156 1157 1502 1235 laetitiam3
1557 1154 1851 1248 negatio,
1905 1151 2401 1216 affirmationem
2446 1152 2533 1214 vel

487 1277 808 1342 actionem
847 1275 1152 1360 passione
1195 1273 1589 1351 excludens,
1633 1272 1955 1336 tristitiam
1998 1287 2235 1338 movet.
2315 1273 2393 1330 In
2431 1268 2558 1360 illa¹

479 1395 676 1480 igitur
703 1392 1160 1476 dispositione,
1204 1415 1328 1477 qua
1357 1413 1546 1456 mens
1573 1392 1931 1454 realitatem
1976 1387 2336 1472 adaequatis
2380 1361 2558 1448 ideis}

484 1512 700 1596 augeri
743 1511 973 1588 sentit,
1015 1527 1288 1574 naturae
1332 1531 1523 1585 snae,
1568 1508 1959 1594 Cogitationi
1998 1527 2273 1600 nempe,
2313 1503 2558 1566 conve-⁴

481 1631 591 1692 nit
633 1627 912 1714 ideoque
939 1629 1294 1712 positivum
1342 1627 1681 1710 activitatis
1725 1624 2029 1687 affectum
2080 1625 2213 1688 sive
2242 1623 2531 1685 laetitiam

485 1746 806 1830 concipit3
862 1747 917 1812 si
961 1763 1175 1809 autem
1218 1746 1292 1813 in
1352 1744 1495 1809 idea
1548 1743 1977 1825 inadaequata
2028 1739 2173 1804 idea
2214 1743 2293 1802 ab
2332 1738 2530 1800 ideato

481 1863 736 1940 differt,
779 1863 1022 1926 mentis
1067 1865 1381 1938 essentia,
1425 1883 1527 1926 res
1574 1857 1893 1947 cogi'tans,
1936 1859 2345 1935 diminuitur,
2392 1880 2531 1942 qua-

481 1998 749 2070 propter
789 1981 866 2043 in
907 1997 1134 2044 mente
1188 1980 1566 2066 negativum
1625 1978 2013 2066 passivitatis
2054 1977 2359 2042 affectum
2402 1976 2558 2072 sive¹

481 2098 809 2166 tristitiam
853 2099 1011 2162 oriri
1054 2119 1218 2185 opus
1262 2114 1380 2164 est.

1191 2263 1250 2319 d.
1316 2267 1503 2318 Amor
1538 2271 1591 2316 et
1626 2261 1842 2322 odium.

733 2368 834 2431 Ob
877 2366 1188 2451 originale
1236 2370 1542 2454 cujusque
1584 2370 1771 2431 Entis
1822 2367 1900 2429 in
1942 2387 2057 2429 suo
2100 2366 2271 2430 Esse
2322 2374 2558 2452 perse&

479 2480 748 2549 verendi
792 2482 1074 2546 studium
1120 2504 1320 2547 omne
1363 2486 1505 2547 Ens
1544 2484 1913 2548 necessario
1943 2505 2049 2562 ea,
2093 2506 2256 2568 quae
2297 2486 2529 2547 realita-

477 2615 613 2663 tem
657 2620 837 2663 suam
879 2602 1242 2678 affirmant,
1302 2602 1578 2687 appetit,
1644 2624 1719 2665 ea
1762 2618 2022 2679 contra,
2088 2623 2251 2687 quae
2294 2602 2558 2665 redita-1

475 2734 612 2781 tem
639 2703 822 2783 suam
847 2737 1112 2803 negant,
1153 2737 1499 2784 aversatur.
1562 2720 1668 2785 Sic
1693 2721 1768 2781 in
1796 2722 1970 2785 Ente
2003 2743 2039 2785 e
2064 2721 2305 2783 laetitia
2336 2742 2527 2795 amor,
2556 2710 2558 2815 2

475 2854 518 2899 ο
555 2834 815 2898 tristitia
855 2834 1080 2897 odium
1118 2837 1427 2903 nascitur.
1538 2836 1787 2901 Amore
1830 2840 2081 2915 omnia,
2140 2860 2307 2922 quae
2344 2840 2526 2901 Entis
2556 2818 2558 2949 1

473 2948 640 3016 Essa
680 2952 782 3015 vel
823 2953 1148 3017 actionem
1191 2956 1329 3041 ejus
1374 2956 1733 3035 affirmant,
1820 2957 1971 3021 odio
2032 2956 2287 3034 omnia,
2374 2956 2558 3041 quae³

473 3068 840 3155 passionem
885 3074 1232 3159 negatione
1281 3075 1357 3137 in
1400 3076 1571 3136 Ente
1612 3091 1871 3159 ponunt
1912 3076 2176 3159 ejusque
2218 3076 2379 3137 Esse
2420 3075 2526 3135 de·

472 3203 764 3263 struunt,
809 3191 1275 3269 complectitur.
1368 3194 1532 3255 Cum
1578 3210 1731 3255 vero
1780 3192 1999 3254 odium
2046 3208 2385 3255 externam
2426 3191 2558 3253 dev

469 3303 1001 3367 terminationem
1045 3328 1315 3393 negare,
1385 3331 1567 3385 amor
1622 3310 1945 3395 propriam
2000 3311 2075 3371 in
2130 3310 2255 3372 isto
2298 3327 2558 3372 conatu,

419 3418 434 3431 ’
467 3416 1076 3487 determinationem
1123 3426 1443 3489 affirmare
1488 3427 1737 3504 studet,
1812 3427 2037 3491 odium
2098 3449 2251 3491 cum
2294 3448 2521 3504 amore,
2557 3434 2558 3511 J

469 3558 758 3603 amorem
801 3561 951 3603 cum
995 3540 1144 3605 odio
1201 3542 1373 3607 effici
1416 3545 1834 3611 manifestum
1877 3561 1992 3611 est.

1168 3742 1221 3783 e.
1293 3730 1491 3783 Virtus
1520 3739 1572 3783 et
1603 3732 1823 3787 vitium.

677 3826 804 3891 Ubi
860 3826 1002 3891 Ens
1057 3829 1130 3891 in
1187 3850 1305 3896 suo
1348 3832 1514 3899 Esse
1554 3832 2012 3921 perseverandi
2056 3832 2341 3900 studium
2388 3849 2521 3897 actu
2556 3856 2558 3869 ·

459 3940 786 4022 affirmat,
825 3944 1068 4011 virtute
1117 3948 1381 4029 gaudet3
1436 3970 1696 4031 contra,
1754 3954 1859 4017 ubi
1908 3953 2323 4037 negationem
2370 3950 2522 4036 pati·-

457 4070 595 4134 tur,
649 4083 815 4145 quae
872 4066 1076 4146 ipsius
1118 4068 1284 4132 Esse
1341 4067 1647 4149 destruit,
1704 4090 1897 4157 atque
1956 4072 2067 4134 ubi
2110 4070 2519 4155 negationem

453 4190 693 4265 negare
734 4180 992 4259 nequit,
1035 4183 1192 4245 vitio
1233 4186 1502 4256 laborat.
1546 4189 1746 4269 (Eth.
1789 4194 1853 4259 P.
1883 4193 1992 4256 lv.
2049 4192 2191 4252 Pru.
2218 4190 2518 4255 XVIII-
2556 4202 2558 4257 ἶ
