2588 4687
287 465 557 532 Deinde
616 465 1065 528 attributorum
1120 467 1414 530 infinitas
1482 483 1548 528 et
1621 467 1874 531 infinita
1929 491 2157 535 eorum

74 584 435 648 multitudo
474 608 513 646 e
554 584 943 659 substantia,
992 601 1215 668 utpote
1264 585 1449 646 fonte
1491 607 1736 663 eorum,
1779 608 1922 649 non
1963 589 2160 653 dedu-

70 703 275 780 citur,
322 702 433 766 sed
476 703 710 764 iterum
758 723 839 764 ex
880 702 1137 764 infinita
1167 703 1285 793 ,illa
1330 719 1394 766 et
1425 703 1568 766 sine
1611 705 1738 764 ulla
1768 709 2155 772 necestitate

64 822 423 906 supposita
472 821 889 885 multitudine
944 819 1405 904 contingenter
1460 822 1822 885 secundum
1866 823 2156 909 philoso-

58 939 187 1023 phi
242 941 575 1004 arbitrium
614 938 743 1000 duo
788 939 1155 1002 afferuntur
1199 939 1538 1017 attributa,
1617 959 1784 1028 quae
1825 941 2155 1006 nihilomi-

58 1077 204 1120 nus
249 1074 472 1140 postea
510 1081 733 1120 rerum
776 1057 973 1120 cardo
1013 1075 1184 1120 esse
1239 1055 1558 1122 videntur.
1644 1061 1778 1122 Cur
1830 1079 1988 1123 vero
2027 1081 2154 1126 ne.

63 1195 194 1256 que
244 1177 401 1254 alia,
442 1197 661 1262 neque
694 1179 881 1262 plura
924 1173 1318 1239 substantiae
1359 1177 1662 1239 attributa
1689 1177 2148 1258 nominentur,

56 1269 317 1356 frustra
346 1295 630 1379 quaeris.
694 1296 857 1360 Duo
884 1294 992 1356 illa
1024 1296 1107 1356 ab
1136 1296 1570 1376 experientia
1607 1293 1946 1381 depromta
1972 1299 2146 1360 attri-

57 1411 217 1473 buta
264 1430 420 1475 sunt
448 1415 595 1475 illae
637 1410 799 1474 duae
832 1412 1099 1475 Cartesii
1134 1413 1555 1492 substantiae,
1600 1433 1710 1474 res
1751 1429 2037 1474 extensa
2076 1432 2146 1480 et

57 1549 175 1588 res
224 1531 578 1610 cogitans,
624 1551 893 1613 quarum
937 1529 1218 1592 essentia
1257 1530 1487 1590 nullibi
1529 1533 1697 1592 clare
1741 1547 1806 1593 et
1833 1530 2142 1596 distincte

52 1645 401 1712 definitur.
488 1648 817 1710 Attributa
860 1648 1239 1731 exprimunt
1297 1645 1701 1708 indefinitam
1746 1649 2142 1712 substantiae

53 1763 119 1825 di
134 1766 556 1842 versitatem3
612 1765 1063 1828 attributorum
1100 1785 1255 1826 vero
1299 1762 1910 1840 determinationes,
1973 1785 2140 1850 quae

48 1899 123 1942 ut
198 1882 531 1943 essentiae
583 1880 959 1942 affectiones
1018 1883 1122 1942 vel
1178 1897 1250 1941 ut
1304 1877 1484 1940 modi
1538 1880 1958 1945 exsistentiae
1997 1881 2138 1966 ejus

48 1999 343 2083 intelligi
368 1998 641 2075 debent,
685 2015 838 2061 sunt
868 2014 1077 2061 certae
1104 1997 1381 2061 omnino
1407 1994 1842 2069 definitiones.

908 2186 964 2242 3.
1034 2181 1263 2236 Modus.

220 2285 467 2352 Modus
515 2285 740 2350 eodem
784 2286 983 2349 modo
1028 2287 1451 2373 specialitatis
1495 2287 1960 2373 singularitem,
2005 2314 2134 2377 quo

43 2407 433 2467 attributum
479 2406 873 2469 Universalis
916 2406 1520 2489 particularitatem,
1559 2406 1922 2492 exprimere
1966 2410 2137 2473 vide·

46 2537 172 2589 tur.
262 2523 501 2589 Modus
558 2526 659 2586 vel
717 2524 1113 2619 substantiae
1171 2524 1434 2587 affectio
1488 2546 1703 2609 neque
1758 2544 1863 2590 est
1913 2528 1989 2589 in
2045 2551 2136 2607 se,

42 2660 275 2725 neque
329 2642 701 2727 concipitur
743 2662 829 2703 ex
884 2660 987 2717 se,
1053 2640 1169 2703 sed
1228 2663 1314 2705 ex
1355 2644 1464 2705 illa
1504 2630 1819 2720 essentia,
1884 2644 1960 2707 in
2009 2668 2136 2729 qua

44 2774 139 2819 est
188 2776 259 2822 et
303 2760 485 2845 cujus
533 2758 1082 2821 modificationem
1134 2760 1474 2844 exprimit,
1519 2759 1902 2844 concipitur.
1949 2760 2134 2843 (Eth.

42 2876 105 2941 P.
134 2878 193 2945 Ι.
252 2878 347 2941 D.
379 2877 487 2969 V.)
573 2880 705 2937 Res
751 2893 1059 2954 extensa,
1102 2902 1159 2941 v.
1204 2899 1261 2941 c.
1311 2880 1462 2962 quia
1503 2879 1577 2940 in
1619 2900 1688 2941 se
1734 2896 1868 2953 est,
1935 2899 2019 2941 ex
2064 2902 2136 2943 se

44 2995 201 3059 satis
250 2992 657 3081 coneipitur3
713 2991 891 3073 quies
939 3008 1003 3053 et
1042 3007 1259 3052 motus
1303 3008 1532 3052 eontra
1575 3012 1718 3049 non
1762 2992 1898 3051 nisi
1938 2995 2014 3053 in
2059 3017 2132 3066 re

44 3128 364 3180 extensa,
410 3106 589 3185 eujus
632 3102 956 3162 diversum
1002 3104 1271 3163 modum
1317 3106 1731 3186 exprimunt,
1775 3119 1842 3163 et
1883 3124 2026 3167 esse
2067 3126 2136 3172 et

44 3221 311 3309 concipi
357 3235 655 3305 possunt.
744 3216 924 3297 (Eth.
970 3222 1037 3289 P.
1064 3224 1112 3286 Ι.
1160 3222 1345 3305 Prop.
1376 3220 1639 3301 XXIII)
1723 3220 1954 3285 Omnis
1998 3249 2134 3291 mo.

47 3343 210 3419 dus,
269 3340 376 3424 qui
423 3355 489 3401 et
530 3337 929 3403 necessarius
975 3357 1040 3403 et
1083 3338 1380 3405 infinitus
1423 3338 1713 3418 exsistit,
1757 3346 2128 3409 necessario

47 3462 229 3546 sequi
274 3458 531 3533 debuit,
601 3460 706 3521 vel
746 3480 831 3522 ex
886 3462 1183 3524 absoluta
1240 3479 1476 3527 natura
1519 3460 1786 3545 alicujus
1833 3462 2128 3525 attributi

44 3577 202 3656 Dei,
243 3579 341 3641 vel
388 3596 473 3637 ex
516 3573 731 3658 aliquo
777 3580 1084 3643 attributo
1127 3580 1633 3656 modificatione,
1677 3598 1846 3662 quae
1887 3595 1957 3641 et
1999 3599 2132 3642 ne-

52 3697 324 3762 cessaria
366 3709 430 3755 et
471 3690 727 3777 infinita
771 3697 1041 3760 exsistit.
1242 3682 1246 3687 ¹

212 3834 433 3912 Itaque
492 3825 773 3910 Spinoza
818 3828 1086 3892 modum
1148 3851 1290 3893 non
1345 3848 1420 3893 ut
1463 3831 1817 3913 singulare,
1893 3828 2006 3891 sed
2051 3846 2122 3894 ut

55 3947 317 4011 modum
362 3944 658 4021 essendi,
702 3945 839 4022 vel,
882 3945 1031 4027 quia
1070 3948 1245 4007 nulla
1292 3948 1684 4009 substantiae
1729 3945 2116 4031 specificatio

58 4062 273 4141 datur,
314 4085 456 4126 non
496 4064 832 4125 infinitum
878 4060 1205 4146 mediante
1246 4063 1781 4146 particularitate,
1825 4064 1936 4129 sed
1981 4066 2118 4127 fini.

63 4194 188 4243 tum
234 4197 483 4243 tantum
531 4181 853 4266 concepit.
943 4179 1007 4243 Si
1050 4178 1223 4241 enim
1272 4180 1553 4264 Spinoza
1596 4181 1860 4245 modum
1904 4200 2120 4242 neces·

364 4288 369 4293 ’
1568 4290 1618 4347 Β

2169 4137 2186 4168 ζ
