2588 4687
1136 309 1708 368 ·--20--

460 501 603 538 cum
652 474 831 558 spatii
878 473 1122 556 quiete,
1178 471 1350 531 hanc
1395 491 1540 530 cum
1587 469 1896 552 temporis
1942 483 2123 528 motu
2165 483 2544 549 comparat.

464 589 1378 658 Modificationes'intellectus
1423 605 1538 650 seu
1577 585 1951 648 functiones
1998 586 2138 668 ejus
2183 597 2349 646 sum:
2387 605 2550 667 per-

464 711 708 798 ceptio,
750 705 1121 792 imaginatio
1138 750 1163 788 ,¹
1201 705 1486 785 cognitio
1517 725 1634 789 per
1657 704 1962 766 notiones
1993 720 2384 764 communes
2414 717 2548 763 etc.

420 889 433 907 ,
462 826 979 893 modificationes
1025 823 1372 886 voluntatis
1417 819 1830 902 (affirmandi
1893 838 1959 883 et
1999 818 2286 904 negandi
2331 819 2575 881 facul-¹

464 947 661 1024 tatia)
706 945 845 1006 sive
889 941 1229 1005 volitiones
1274 957 1430 1004 sunt
1473 956 1780 1015 conatus,
1848 938 2204 1022 appetitus,
2277 937 2539 1024 cupidi&

468 1081 561 1125 tas
604 1080 723 1127 etc.
806 1047 1146 1122 Caeterum
1190 1059 1557 1122 intellectus
1616 1079 1690 1121 re
1747 1057 1889 1140 ipsa
1933 1079 1969 1118 a
2009 1057 2348 1120 voluntate
2393 1075 2536 1118 non

468 1180 725 1254 differt,
787 1177 897 1240 sed
956 1194 1269 1261 quatenus
1325 1177 1686 1238 intellectus
1726 1175 2040 1258 percipit,
2103 1191 2372 1238 eatenus
2422 1197 2538 1238 vo-

468 1301 679 1360 luntas
724 1311 1031 1370 conatur,
1089 1312 1279 1380 atque
1323 1293 1518 1370 adeo,
1577 1315 1721 1355 cum
1768 1295 2066 1356 voluntas
2105 1292 2398 1375 ejusdem
2445 1309 2538 1353 at·

470 1415 690 1476 tributi
735 1412 965 1482 modus
1024 1415 1143 1488 sit,
1234 1415 1398 1474 ultra
1451 1413 1936 1497 perceptionem
1996 1429 2134 1473 sese
2177 1409 2538 1471 extendere

474 1534 719 1616 nequit.
807 1531 893 1592 Et
934 1531 1098 1594 sicut
1138 1531 1505 1593 intellectus
1545 1547 1691 1592 actu
1742 1551 1885 1592 non
1925 1528 2056 1591 nisi
2108 1529 2186 1589 in
2225 1527 2536 1611 singulari

470 1651 616 1712 idea
651 1649 930 1724 exsistit,
986 1649 1073 1710 ita
1120 1669 1375 1731 quoque
1415 1647 1489 1708 in
1531 1647 1833 1730 singulari
1878 1647 2192 1710 volitione
2235 1649 2536 1710 voluntas
2570 1629 2576 1690 3

470 1769 821 1832 realitatem
864 1765 1087 1841 habet,
1159 1787 1279 1848 qua
1334 1763 1717 1826 delinitione
1777 1765 2065 1848 Spinoza
2122 1765 2358 1828 contra
2403 1769 2575 1843 ι’.·οε,ῗ·ἰ

474 1887 582 1970 qui
622 1886 1018 1944 intellectum
1064 1883 1353 1956 finitum,
1396 1883 1796 1943 voluntatem
1841 1903 1997 1945 vero
2041 1883 2372 1947 infinitam
2415 1909 2532 1971 po-
2567 1890 2576 1926 ³

472 2018 674 2076 nunt,
714 2000 1033 2082 optimum
1074 1999 1576 2089 jusUconservat.

646 2117 708 2180 Si
750 2115 1037 2199 Spinoza
1092 2090 1308 2181 autem
1353 2115 1432 2177 de
1489 2115 1882 2180 substantiae
1936 2117 2288 2184 affectione
2329 2121 2529 2206 loqui-³
2567 2127 2576 2161 ἵ

476 2252 613 2312 tur,
655 2253 949 2315 semper,
993 2255 1079 2296 ne
1123 2233 1400 2318 quadam
1441 2231 1816 2297 reflexionis
1857 2237 2074 2320 specie
2115 2237 2528 2325 decipiamurss

476 2354 555 2417 ad
610 2354 784 2417 illam
842 2354 1268 2439 principalem
1323 2352 1629 2428 Attributi
1696 2352 2144 2419 definitionem
2195 2380 2528 2423 recurren-
2569 2337 2576 2398 ἶ

477 2471 633 2533 dum
677 2486 814 2545 est,
855 2490 1020 2552 quae
1062 2488 1309 2543 omnes,
1341 2468 1716 2534 affectiones
1762 2493 1846 2534 ex
1883 2476 2201 2559 objectiva
2242 2480 2530 2541 substan·
2563 2478 2576 2546 ,ἵ

476 2589 605 2651 tiae
660 2605 887 2649 natura
938 2588 1013 2649 in
1067 2591 1448 2651 abstractam
1517 2592 1905 2675 subjectivae
1973 2612 2240 2657 nostrae
2295 2596 2528 2659 mentis
2568 2570 2576 2651 l

476 2723 775 2770 naturam
816 2708 1160 2770 convertit.
1245 2710 1467 2790 Itaque
1521 2725 1656 2771 tota
1698 2689 2146 2794 philosophiae
2187 2714 2380 2795 hujus
2427 2738 2528 2779 ex·-
2566 2715 2576 2779 l

476 2824 739 2909 plicatio
784 2825 1091 2907 (excepto
1134 2825 1296 2901 isto,
1339 2825 1510 2909 quod
1555 2826 1636 2889 de
1676 2826 2010 2892 affectibus
2049 2834 2380 2915 praeclare
2419 2852 2531 2896 tra·
2567 2808 2576 2873 ¹

476 2940 683 3021 ditur)
722 2941 791 3001 in
821 2962 901 3003 eo
943 2960 1073 3019 est,
1116 2958 1220 3019 ut,
1263 2945 1659 3007 substantiae
1701 2948 1930 3010 unicae
1973 2968 2264 3036 respectu
2292 2950 2528 3027 habito,
2567 2941 2576 3004 ἶ

478 3061 693 3124 omnis
722 3058 1179 3124 determinatio
1204 3080 1511 3149 negetur,
1555 3084 1667 3127 seu
1710 3064 2098 3129 modificatio
2139 3068 2214 3129 in
2247 3070 2527 3144 modum,
2570 3018 2576 3073 ⁸

477 3177 709 3240 modus
750 3180 825 3241 in
868 3182 1278 3259 attributum,
1323 3184 1692 3245 attributum
1735 3183 1809 3246 in
1836 3186 2258 3247 substantiam
2293 3186 2529 3249 demer-

381 3294 384 3297 ’
476 3311 688 3374 gatur,
730 3313 1118 3379 quapropter
1160 3302 1765 3384 substanti-‘tneque
1808 3304 2122 3387 expansio
2159 3325 2378 3389 neque
2406 3324 2528 3391 pas·

480 3409 731 3485 sivitaS,
780 3410 893 3473 sed
938 3415 1208 3499 simplex
1253 3417 1378 3479 vita
1425 3418 1532 3479 vix
1579 3418 1706 3479 dici
1747 3436 1974 3503 potest.

1231 3590 1312 3658 Β.
1413 3596 1522 3657 De
1573 3598 1754 3663 Deo.

1082 3742 1129 3793 1.
1202 3734 1664 3825 Definitio
1735 3742 1916 3796 Dei„

640 3838 1043 3902 substantiae
1070 3840 1418 3903 notionem
1461 3864 1681 3906 verum
1711 3845 2162 3931 philosophiae
2185 3841 2377 3929 hujus
2425 3845 2532 3907 ele·

476 3970 769 4017 mentum
816 3978 954 4021 esse
997 3958 1294 4028 vidimus.
1383 3965 1697 4044 Quamvis
1756 3964 1939 4025 >enim
1992 3982 2210 4048 neque
2273 3963 2530 4024 attribu·

426 4083 645 4145 ‘tum,
713 4094 923 4155 neque
982 4078 1212 4142 modus
1284 4083 1550 4164 proprie
1617 4081 2014 4143 substantiae
2070 4078 2372 4142 accidens
2437 4079 2527 4150 sit,

470 4184 588 4261 ita,
648 4204 717 4247 ut
761 4190 1185 4254 accidentium
1230 4199 1512 4259 totalitas
1553 4198 1761 4281 ipsam
1808 4198 2238 4263 substantiam
2285 4195 2524 4261 consti·
2574 4200 2575 4203 ’
