<?xml version="1.0" encoding="UTF-8"?>
<!DOCTYPE html PUBLIC "-//W3C//DTD XHTML 1.0 Transitional//EN"
    "http://www.w3.org/TR/xhtml1/DTD/xhtml1-transitional.dtd">
<html xmlns="http://www.w3.org/1999/xhtml" xml:lang="en" lang="en">
 <head>
  <title>
</title>
<meta http-equiv="Content-Type" content="text/html;charset=utf-8" />
  <meta name='ocr-system' content='tesseract 3.04.00' />
  <meta name='ocr-capabilities' content='ocr_page ocr_carea ocr_par ocr_line ocrx_word'/>
</head>
<body>
  <div class='ocr_page' id='page_1' title='image "./despinozaephilo00rosegoog_0054.png"; bbox 0 0 2588 4687; ppageno 0'>
   <div class='ocr_carea' id='block_1_1' title="bbox 1232 297 1716 362">
    <p class='ocr_par' dir='ltr' id='par_1_1' title="bbox 1232 297 1716 362">
     <span class='ocr_line' id='line_1_1' title="bbox 1232 297 1716 362; baseline 0.012 -21"><span class='ocrx_word' id='word_1_1' title='bbox 1232 297 1716 362; x_wconf 73' lang='lat'>...44—</span> 
     </span>
    </p>
   </div>
   <div class='ocr_carea' id='block_1_2' title="bbox 450 453 2557 550">
    <p class='ocr_par' dir='ltr' id='par_1_2' title="bbox 450 453 2557 550">
     <span class='ocr_line' id='line_1_2' title="bbox 450 453 2557 550; baseline 0.001 -24"><span class='ocrx_word' id='word_1_2' title='bbox 450 463 646 550; x_wconf 67' lang='lat' dir='ltr'>igitur</span> <span class='ocrx_word' id='word_1_3' title='bbox 686 480 753 528; x_wconf 86' lang='lat' dir='ltr'>et</span> <span class='ocrx_word' id='word_1_4' title='bbox 802 461 1171 528; x_wconf 79' lang='lat' dir='ltr'>differentia</span> <span class='ocrx_word' id='word_1_5' title='bbox 1218 479 1285 528; x_wconf 89' lang='lat' dir='ltr'>et</span> <span class='ocrx_word' id='word_1_6' title='bbox 1341 464 1555 528; x_wconf 81' lang='lat' dir='ltr'>unitas</span> <span class='ocrx_word' id='word_1_7' title='bbox 1599 485 1640 528; x_wconf 84' lang='lat' dir='ltr'>e</span> <span class='ocrx_word' id='word_1_8' title='bbox 1678 463 2007 548; x_wconf 83' lang='lat' dir='ltr'>principio</span> <span class='ocrx_word' id='word_1_9' title='bbox 2045 465 2246 528; x_wconf 86' lang='lat' dir='ltr'>totius</span> <span class='ocrx_word' id='word_1_10' title='bbox 2297 453 2557 550; x_wconf 71' lang='lat' dir='ltr'>philo-3</span> 
     </span>
    </p>
   </div>
   <div class='ocr_carea' id='block_1_3' title="bbox 2552 138 2560 678">
    <p class='ocr_par' dir='ltr' id='par_1_3' title="bbox 2552 138 2560 678">
     <span class='ocr_line' id='line_1_3' title="bbox 2552 138 2560 678; baseline 0 0"><span class='ocrx_word' id='word_1_11' title='bbox 2552 138 2560 678; x_wconf 95' lang='lat' dir='ltr'> </span> 
     </span>
    </p>
   </div>
   <div class='ocr_carea' id='block_1_4' title="bbox 453 580 2488 666">
    <p class='ocr_par' dir='ltr' id='par_1_4' title="bbox 453 580 2488 666">
     <span class='ocr_line' id='line_1_4' title="bbox 453 580 2488 666; baseline 0.002 -22"><span class='ocrx_word' id='word_1_12' title='bbox 453 581 757 666; x_wconf 79' lang='lat' dir='ltr'>sophiae,</span> <span class='ocrx_word' id='word_1_13' title='bbox 797 580 1155 666; x_wconf 76' lang='lat' dir='ltr'>quantitate</span> <span class='ocrx_word' id='word_1_14' title='bbox 1193 600 1481 666; x_wconf 85' lang='lat' dir='ltr'>nempe,</span> <span class='ocrx_word' id='word_1_15' title='bbox 1523 596 1795 645; x_wconf 76' lang='lat' dir='ltr'>externe</span> <span class='ocrx_word' id='word_1_16' title='bbox 1837 597 2098 644; x_wconf 77' lang='lat' dir='ltr'>tautum</span> <span class='ocrx_word' id='word_1_17' title='bbox 2141 581 2488 649; x_wconf 81' lang='lat' dir='ltr'>definitur.</span> 
     </span>
    </p>
   </div>
   <div class='ocr_carea' id='block_1_5' title="bbox 952 780 1996 882">
    <p class='ocr_par' dir='ltr' id='par_1_5' title="bbox 952 780 1996 882">
     <span class='ocr_line' id='line_1_5' title="bbox 952 780 1996 882; baseline 0.002 -22"><span class='ocrx_word' id='word_1_18' title='bbox 952 806 1013 866; x_wconf 79' lang='lat'>2.</span> <span class='ocrx_word' id='word_1_19' title='bbox 1112 800 1247 860; x_wconf 79' lang='lat' dir='ltr'>De</span> <span class='ocrx_word' id='word_1_20' title='bbox 1329 780 1996 882; x_wconf 60' lang='lat' dir='ltr'>Affectibits.</span> 
     </span>
    </p>
   </div>
   <div class='ocr_carea' id='block_1_6' title="bbox 370 946 2563 1502">
    <p class='ocr_par' dir='ltr' id='par_1_6' title="bbox 370 946 2563 1502">
     <span class='ocr_line' id='line_1_6' title="bbox 614 946 2536 1036; baseline -0.002 -20"><span class='ocrx_word' id='word_1_21' title='bbox 614 951 824 1016; x_wconf 85' lang='lat' dir='ltr'>Multo</span> <span class='ocrx_word' id='word_1_22' title='bbox 866 949 1209 1032; x_wconf 76' lang='lat' dir='ltr'>perfectior</span> <span class='ocrx_word' id='word_1_23' title='bbox 1250 946 1350 1016; x_wconf 75' lang='lat' dir='ltr'>es&#39;t</span> <span class='ocrx_word' id='word_1_24' title='bbox 1378 950 1700 1036; x_wconf 82' lang='lat' dir='ltr'>Spinozae</span> <span class='ocrx_word' id='word_1_25' title='bbox 1743 949 1825 1012; x_wconf 84' lang='lat' dir='ltr'>de</span> <span class='ocrx_word' id='word_1_26' title='bbox 1869 948 2117 1032; x_wconf 85' lang='lat' dir='ltr'>origine</span> <span class='ocrx_word' id='word_1_27' title='bbox 2161 963 2232 1010; x_wconf 89' lang='lat' dir='ltr'>et</span> <span class='ocrx_word' id='word_1_28' title='bbox 2273 965 2536 1014; x_wconf 73' lang='lat' dir='ltr'>natura</span> 
     </span>
     <span class='ocr_line' id='line_1_7' title="bbox 446 1036 2563 1150; baseline -0.001 -20"><span class='ocrx_word' id='word_1_29' title='bbox 446 1036 797 1130; x_wconf 72' lang='lat' dir='ltr'>affectuum</span> <span class='ocrx_word' id='word_1_30' title='bbox 837 1065 1152 1143; x_wconf 85' lang='lat' dir='ltr'>doctrina,</span> <span class='ocrx_word' id='word_1_31' title='bbox 1192 1067 1266 1129; x_wconf 84' lang='lat' dir='ltr'>in</span> <span class='ocrx_word' id='word_1_32' title='bbox 1310 1067 1488 1150; x_wconf 87' lang='lat' dir='ltr'>cujus</span> <span class='ocrx_word' id='word_1_33' title='bbox 1535 1065 1968 1149; x_wconf 78' lang='lat' dir='ltr'>explicatione</span> <span class='ocrx_word' id='word_1_34' title='bbox 2007 1063 2076 1124; x_wconf 83' lang='lat' dir='ltr'>id</span> <span class='ocrx_word' id='word_1_35' title='bbox 2108 1079 2364 1125; x_wconf 86' lang='lat' dir='ltr'>tantum</span> <span class='ocrx_word' id='word_1_36' title='bbox 2413 1066 2563 1128; x_wconf 57' lang='lat' dir='ltr'><strong>aud-¹</strong></span> 
     </span>
     <span class='ocr_line' id='line_1_8' title="bbox 370 1157 2530 1268; baseline 0.001 -22"><span class='ocrx_word' id='word_1_37' title='bbox 370 1157 377 1164; x_wconf 93' lang='lat'><strong><em>.</em></strong></span> <span class='ocrx_word' id='word_1_38' title='bbox 441 1181 848 1246; x_wconf 76' lang='lat' dir='ltr'>monendum</span> <span class='ocrx_word' id='word_1_39' title='bbox 892 1204 1035 1247; x_wconf 87' lang='lat' dir='ltr'>esse</span> <span class='ocrx_word' id='word_1_40' title='bbox 1093 1183 1388 1259; x_wconf 80' lang='lat' dir='ltr'>videtur,</span> <span class='ocrx_word' id='word_1_41' title='bbox 1445 1181 1622 1268; x_wconf 85' lang='lat' dir='ltr'>quod</span> <span class='ocrx_word' id='word_1_42' title='bbox 1681 1183 1854 1243; x_wconf 87' lang='lat' dir='ltr'>inter</span> <span class='ocrx_word' id='word_1_43' title='bbox 1907 1201 1976 1244; x_wconf 86' lang='lat' dir='ltr'>se</span> <span class='ocrx_word' id='word_1_44' title='bbox 2031 1183 2319 1264; x_wconf 85' lang='lat' dir='ltr'>opposita</span> <span class='ocrx_word' id='word_1_45' title='bbox 2362 1205 2530 1248; x_wconf 78' lang='lat' dir='ltr'>non</span> 
     </span>
     <span class='ocr_line' id='line_1_9' title="bbox 444 1297 2528 1384; baseline 0 -22"><span class='ocrx_word' id='word_1_46' title='bbox 444 1298 541 1376; x_wconf 83' lang='lat' dir='ltr'>in,</span> <span class='ocrx_word' id='word_1_47' title='bbox 583 1299 876 1384; x_wconf 84' lang='lat' dir='ltr'>opposita</span> <span class='ocrx_word' id='word_1_48' title='bbox 920 1300 991 1361; x_wconf 87' lang='lat' dir='ltr'>in</span> <span class='ocrx_word' id='word_1_49' title='bbox 1033 1319 1099 1364; x_wconf 89' lang='lat' dir='ltr'>se</span> <span class='ocrx_word' id='word_1_50' title='bbox 1126 1300 1564 1384; x_wconf 80' lang='lat' dir='ltr'>complexam,</span> <span class='ocrx_word' id='word_1_51' title='bbox 1605 1299 1922 1360; x_wconf 87' lang='lat' dir='ltr'>unitatem</span> <span class='ocrx_word' id='word_1_52' title='bbox 1963 1297 2236 1368; x_wconf 79' lang='lat' dir='ltr'>reducit,</span> <span class='ocrx_word' id='word_1_53' title='bbox 2283 1299 2402 1362; x_wconf 89' lang='lat' dir='ltr'>sed</span> <span class='ocrx_word' id='word_1_54' title='bbox 2441 1303 2528 1366; x_wconf 81' lang='lat' dir='ltr'>in</span> 
     </span>
     <span class='ocr_line' id='line_1_10' title="bbox 446 1413 2340 1502; baseline -0.002 -22"><span class='ocrx_word' id='word_1_55' title='bbox 446 1416 869 1502; x_wconf 64' lang='lat' dir='ltr'>quantitative</span> <span class='ocrx_word' id='word_1_56' title='bbox 916 1413 1342 1500; x_wconf 82' lang='lat' dir='ltr'>oppositionis</span> <span class='ocrx_word' id='word_1_57' title='bbox 1372 1413 1918 1478; x_wconf 74' lang='lat' dir='ltr'>determinatione</span> <span class='ocrx_word' id='word_1_58' title='bbox 1943 1431 2340 1495; x_wconf 73' lang='lat' dir='ltr'>perseverat.</span> 
     </span>
    </p>
   </div>
   <div class='ocr_carea' id='block_1_7' title="bbox 609 1595 2520 1788">
    <p class='ocr_par' dir='ltr' id='par_1_7' title="bbox 609 1595 2520 1788">
     <span class='ocr_line' id='line_1_11' title="bbox 1056 1595 1856 1668; baseline -0.005 -13"><span class='ocrx_word' id='word_1_59' title='bbox 1056 1615 1108 1654; x_wconf 83' lang='lat' dir='ltr'>a.</span> <span class='ocrx_word' id='word_1_60' title='bbox 1176 1599 1431 1654; x_wconf 80' lang='lat' dir='ltr'>Realitas</span> <span class='ocrx_word' id='word_1_61' title='bbox 1461 1607 1515 1651; x_wconf 80' lang='lat' dir='ltr'>et</span> <span class='ocrx_word' id='word_1_62' title='bbox 1554 1595 1856 1668; x_wconf 67' lang='lat' dir='ltr'>Perseo-tio.</span> 
     </span>
     <span class='ocr_line' id='line_1_12' title="bbox 609 1703 2520 1788; baseline -0.001 -23"><span class='ocrx_word' id='word_1_63' title='bbox 609 1709 824 1770; x_wconf 84' lang='lat' dir='ltr'>Omne</span> <span class='ocrx_word' id='word_1_64' title='bbox 854 1703 995 1767; x_wconf 83' lang='lat' dir='ltr'>Ens</span> <span class='ocrx_word' id='word_1_65' title='bbox 1036 1704 1111 1764; x_wconf 85' lang='lat' dir='ltr'>in</span> <span class='ocrx_word' id='word_1_66' title='bbox 1154 1723 1275 1766; x_wconf 80' lang='lat' dir='ltr'>suo</span> <span class='ocrx_word' id='word_1_67' title='bbox 1308 1704 1469 1766; x_wconf 89' lang='lat' dir='ltr'>Esse</span> <span class='ocrx_word' id='word_1_68' title='bbox 1496 1723 1907 1784; x_wconf 86' lang='lat' dir='ltr'>perseverare</span> <span class='ocrx_word' id='word_1_69' title='bbox 1947 1716 2240 1778; x_wconf 84' lang='lat' dir='ltr'>conatur,</span> <span class='ocrx_word' id='word_1_70' title='bbox 2281 1723 2520 1788; x_wconf 80' lang='lat' dir='ltr'>neque</span> 
     </span>
    </p>
   </div>
   <div class='ocr_carea' id='block_1_8' title="bbox 404 1819 2517 4257">
    <p class='ocr_par' dir='ltr' id='par_1_8' title="bbox 422 1819 2517 2944">
     <span class='ocr_line' id='line_1_13' title="bbox 437 1819 2517 1906; baseline -0.003 -17"><span class='ocrx_word' id='word_1_71' title='bbox 437 1844 523 1889; x_wconf 84' lang='lat' dir='ltr'>ex</span> <span class='ocrx_word' id='word_1_72' title='bbox 564 1844 672 1893; x_wconf 84' lang='lat' dir='ltr'>se,</span> <span class='ocrx_word' id='word_1_73' title='bbox 729 1823 841 1886; x_wconf 81' lang='lat' dir='ltr'>sed</span> <span class='ocrx_word' id='word_1_74' title='bbox 884 1839 1151 1886; x_wconf 82' lang='lat' dir='ltr'>externa</span> <span class='ocrx_word' id='word_1_75' title='bbox 1192 1821 1542 1906; x_wconf 75' lang='lat' dir='ltr'>negation&#39;e</span> <span class='ocrx_word' id='word_1_76' title='bbox 1583 1819 1957 1895; x_wconf 72' lang='lat' dir='ltr'>destruitur,</span> <span class='ocrx_word' id='word_1_77' title='bbox 2042 1819 2238 1898; x_wconf 87' lang='lat' dir='ltr'>(Eth.</span> <span class='ocrx_word' id='word_1_78' title='bbox 2281 1823 2345 1882; x_wconf 90' lang='grc' dir='ltr'>Ρ.</span> <span class='ocrx_word' id='word_1_79' title='bbox 2389 1823 2517 1893; x_wconf 81' lang='grc' dir='ltr'><strong>ΙΙΙ.</strong></span> 
     </span>
     <span class='ocr_line' id='line_1_14' title="bbox 434 1921 2515 2026; baseline -0.001 -22"><span class='ocrx_word' id='word_1_80' title='bbox 434 1921 626 2026; x_wconf 76' lang='lat' dir='ltr'>i’rop.</span> <span class='ocrx_word' id='word_1_81' title='bbox 650 1943 1001 2017; x_wconf 82' lang='lat' dir='ltr'>v—vn.›,</span> <span class='ocrx_word' id='word_1_82' title='bbox 1039 1939 1167 2019; x_wconf 84' lang='lat' dir='ltr'>hoc</span> <span class='ocrx_word' id='word_1_83' title='bbox 1196 1953 1296 2001; x_wconf 88' lang='lat' dir='ltr'>est</span> <span class='ocrx_word' id='word_1_84' title='bbox 1337 1957 1507 1999; x_wconf 80' lang='lat' dir='ltr'>nova</span> <span class='ocrx_word' id='word_1_85' title='bbox 1539 1937 1643 1998; x_wconf 79' lang='lat' dir='ltr'>ina</span> <span class='ocrx_word' id='word_1_86' title='bbox 1673 1935 2012 2018; x_wconf 76' lang='lat' dir='ltr'>categoria,</span> <span class='ocrx_word' id='word_1_87' title='bbox 2057 1956 2182 2019; x_wconf 83' lang='lat' dir='ltr'>qua</span> <span class='ocrx_word' id='word_1_88' title='bbox 2213 1937 2515 2020; x_wconf 86' lang='lat' dir='ltr'>Spinoza</span> 
     </span>
     <span class='ocr_line' id='line_1_15' title="bbox 434 2050 2509 2144; baseline -0.005 -19"><span class='ocrx_word' id='word_1_89' title='bbox 434 2063 511 2126; x_wconf 84' lang='lat' dir='ltr'>in</span> <span class='ocrx_word' id='word_1_90' title='bbox 536 2061 662 2123; x_wconf 82' lang='lat' dir='ltr'>hac</span> <span class='ocrx_word' id='word_1_91' title='bbox 710 2057 1075 2144; x_wconf 73' lang='lat' dir='ltr'>systematis</span> <span class='ocrx_word' id='word_1_92' title='bbox 1106 2073 1287 2141; x_wconf 86' lang='lat' dir='ltr'>parte</span> <span class='ocrx_word' id='word_1_93' title='bbox 1330 2054 1408 2117; x_wconf 81' lang='lat' dir='ltr'>ad</span> <span class='ocrx_word' id='word_1_94' title='bbox 1436 2050 2009 2132; x_wconf 85' lang='lat' dir='ltr'>demonstrandum</span> <span class='ocrx_word' id='word_1_95' title='bbox 2043 2051 2260 2116; x_wconf 82' lang='lat' dir='ltr'>utitur.</span> <span class='ocrx_word' id='word_1_96' title='bbox 2353 2059 2509 2136; x_wconf 79' lang='lat' dir='ltr'>Quo</span> 
     </span>
     <span class='ocr_line' id='line_1_16' title="bbox 433 2156 2507 2263; baseline -0.002 -19"><span class='ocrx_word' id='word_1_97' title='bbox 433 2179 632 2263; x_wconf 77' lang='lat' dir='ltr'>magis</span> <span class='ocrx_word' id='word_1_98' title='bbox 670 2179 865 2262; x_wconf 81' lang='lat' dir='ltr'>igitur</span> <span class='ocrx_word' id='word_1_99' title='bbox 907 2177 1047 2241; x_wconf 84' lang='lat' dir='ltr'>Ens</span> <span class='ocrx_word' id='word_1_100' title='bbox 1107 2199 1291 2241; x_wconf 89' lang='lat' dir='ltr'>suum</span> <span class='ocrx_word' id='word_1_101' title='bbox 1336 2177 1502 2238; x_wconf 89' lang='lat' dir='ltr'>Esse</span> <span class='ocrx_word' id='word_1_102' title='bbox 1560 2187 1902 2236; x_wconf 81' lang='lat' dir='ltr'>conservat</span> <span class='ocrx_word' id='word_1_103' title='bbox 1959 2193 2036 2233; x_wconf 85' lang='lat' dir='ltr'>ac</span> <span class='ocrx_word' id='word_1_104' title='bbox 2075 2156 2507 2257; x_wconf 76' lang='lat' dir='ltr'>negationem</span> 
     </span>
     <span class='ocr_line' id='line_1_17' title="bbox 432 2287 2508 2377; baseline -0.001 -17"><span class='ocrx_word' id='word_1_105' title='bbox 432 2298 796 2361; x_wconf 78' lang='lat' dir='ltr'>necessario</span> <span class='ocrx_word' id='word_1_106' title='bbox 839 2309 1022 2357; x_wconf 82' lang='lat' dir='ltr'>extra</span> <span class='ocrx_word' id='word_1_107' title='bbox 1065 2312 1133 2358; x_wconf 80' lang='lat' dir='ltr'>se</span> <span class='ocrx_word' id='word_1_108' title='bbox 1174 2291 1448 2377; x_wconf 78' lang='lat' dir='ltr'>positam</span> <span class='ocrx_word' id='word_1_109' title='bbox 1489 2319 1578 2336; x_wconf 90' lang='lat'>--</span> <span class='ocrx_word' id='word_1_110' title='bbox 1618 2287 1832 2351; x_wconf 81' lang='lat' dir='ltr'>omnis</span> <span class='ocrx_word' id='word_1_111' title='bbox 1888 2288 2064 2353; x_wconf 85' lang='lat' dir='ltr'>enim</span> <span class='ocrx_word' id='word_1_112' title='bbox 2111 2288 2508 2359; x_wconf 84' lang='lat' dir='ltr'>determina·</span> 
     </span>
     <span class='ocr_line' id='line_1_18' title="bbox 425 2407 2508 2493; baseline -0.001 -15"><span class='ocrx_word' id='word_1_113' title='bbox 425 2416 519 2479; x_wconf 87' lang='lat' dir='ltr'>tio</span> <span class='ocrx_word' id='word_1_114' title='bbox 561 2426 661 2475; x_wconf 79' lang='lat' dir='ltr'>est</span> <span class='ocrx_word' id='word_1_115' title='bbox 701 2409 959 2493; x_wconf 81' lang='lat' dir='ltr'>negatio</span> <span class='ocrx_word' id='word_1_116' title='bbox 992 2438 1079 2457; x_wconf 81' lang='lat'>--</span> <span class='ocrx_word' id='word_1_117' title='bbox 1120 2409 1422 2492; x_wconf 77' lang='lat' dir='ltr'>negativa</span> <span class='ocrx_word' id='word_1_118' title='bbox 1463 2428 1578 2472; x_wconf 79' lang='lat' dir='ltr'>sua</span> <span class='ocrx_word' id='word_1_119' title='bbox 1619 2407 1684 2471; x_wconf 81' lang='lat' dir='ltr'>vi</span> <span class='ocrx_word' id='word_1_120' title='bbox 1730 2423 1955 2489; x_wconf 83' lang='lat' dir='ltr'>negat,</span> <span class='ocrx_word' id='word_1_121' title='bbox 1997 2427 2077 2469; x_wconf 89' lang='lat' dir='ltr'>eo</span> <span class='ocrx_word' id='word_1_122' title='bbox 2119 2408 2260 2489; x_wconf 85' lang='lat' dir='ltr'>plus</span> <span class='ocrx_word' id='word_1_123' title='bbox 2301 2410 2508 2475; x_wconf 82' lang='lat' dir='ltr'>habet</span> 
     </span>
     <span class='ocr_line' id='line_1_19' title="bbox 426 2524 2504 2608; baseline 0.002 -19"><span class='ocrx_word' id='word_1_124' title='bbox 426 2526 745 2601; x_wconf 72' lang='lat' dir='ltr'>mlitatis.</span> <span class='ocrx_word' id='word_1_125' title='bbox 788 2526 972 2604; x_wconf 80' lang='lat' dir='ltr'>(Eth.</span> <span class='ocrx_word' id='word_1_126' title='bbox 1015 2530 1079 2593; x_wconf 83' lang='lat' dir='ltr'>P.</span> <span class='ocrx_word' id='word_1_127' title='bbox 1108 2528 1183 2593; x_wconf 92' lang='lat' dir='ltr'>V.</span> <span class='ocrx_word' id='word_1_128' title='bbox 1228 2530 1369 2591; x_wconf 86' lang='lat' dir='ltr'>Pro.</span> <span class='ocrx_word' id='word_1_129' title='bbox 1396 2526 1532 2608; x_wconf 85' lang='lat' dir='ltr'>xl.)</span> <span class='ocrx_word' id='word_1_130' title='bbox 1593 2524 1784 2588; x_wconf 80' lang='lat' dir='ltr'>Emis</span> <span class='ocrx_word' id='word_1_131' title='bbox 1829 2524 2136 2608; x_wconf 86' lang='lat' dir='ltr'>cujusque</span> <span class='ocrx_word' id='word_1_132' title='bbox 2177 2527 2504 2608; x_wconf 83' lang='lat' dir='ltr'>perfectio</span> 
     </span>
     <span class='ocr_line' id='line_1_20' title="bbox 423 2642 2498 2731; baseline -0.002 -19"><span class='ocrx_word' id='word_1_133' title='bbox 423 2666 579 2731; x_wconf 71' lang='lat' dir='ltr'>ergo</span> <span class='ocrx_word' id='word_1_134' title='bbox 618 2646 695 2709; x_wconf 87' lang='lat' dir='ltr'>in</span> <span class='ocrx_word' id='word_1_135' title='bbox 735 2666 815 2709; x_wconf 90' lang='lat' dir='ltr'>eo</span> <span class='ocrx_word' id='word_1_136' title='bbox 858 2642 1192 2721; x_wconf 81' lang='lat' dir='ltr'>consistit,</span> <span class='ocrx_word' id='word_1_137' title='bbox 1264 2642 1438 2728; x_wconf 83' lang='lat' dir='ltr'>quod</span> <span class='ocrx_word' id='word_1_138' title='bbox 1491 2659 1762 2707; x_wconf 77' lang='lat' dir='ltr'>naturae</span> <span class='ocrx_word' id='word_1_139' title='bbox 1813 2660 1968 2706; x_wconf 77' lang='lat' dir='ltr'>suae</span> <span class='ocrx_word' id='word_1_140' title='bbox 2011 2646 2498 2707; x_wconf 77' lang='lat' dir='ltr'>convenienter</span> 
     </span>
     <span class='ocr_line' id='line_1_21' title="bbox 424 2736 2502 2845; baseline -0.001 -17"><span class='ocrx_word' id='word_1_141' title='bbox 424 2764 601 2828; x_wconf 76' lang='lat' dir='ltr'>vivat</span> <span class='ocrx_word' id='word_1_142' title='bbox 638 2781 854 2845; x_wconf 81' lang='lat' dir='ltr'>neque</span> <span class='ocrx_word' id='word_1_143' title='bbox 894 2760 969 2824; x_wconf 86' lang='lat' dir='ltr'>in</span> <span class='ocrx_word' id='word_1_144' title='bbox 1011 2758 1488 2825; x_wconf 81' lang='lat' dir='ltr'>manifestanda</span> <span class='ocrx_word' id='word_1_145' title='bbox 1530 2778 1646 2823; x_wconf 88' lang='lat' dir='ltr'>sua</span> <span class='ocrx_word' id='word_1_146' title='bbox 1697 2775 1927 2823; x_wconf 83' lang='lat' dir='ltr'>natura</span> <span class='ocrx_word' id='word_1_147' title='bbox 1967 2760 2162 2822; x_wconf 76' lang='lat' dir='ltr'>alteru</span> <span class='ocrx_word' id='word_1_148' title='bbox 2208 2736 2502 2844; x_wconf 79' lang='lat' dir='ltr'>quadam</span> 
     </span>
     <span class='ocr_line' id='line_1_22' title="bbox 422 2880 1096 2944; baseline -0.006 0"><span class='ocrx_word' id='word_1_149' title='bbox 422 2894 655 2944; x_wconf 80' lang='lat' dir='ltr'>natura</span> <span class='ocrx_word' id='word_1_150' title='bbox 696 2880 1096 2941; x_wconf 67' lang='lat' dir='ltr'>coerceatur.</span> 
     </span>
    </p>

    <p class='ocr_par' dir='ltr' id='par_1_9' title="bbox 404 2989 2496 4257">
     <span class='ocr_line' id='line_1_23' title="bbox 588 2989 2496 3079; baseline 0.003 -26"><span class='ocrx_word' id='word_1_151' title='bbox 588 2990 799 3059; x_wconf 71' lang='lat' dir='ltr'>Nota.</span> <span class='ocrx_word' id='word_1_152' title='bbox 886 2990 1322 3077; x_wconf 83' lang='lat' dir='ltr'>Principium,</span> <span class='ocrx_word' id='word_1_153' title='bbox 1379 2989 1550 3077; x_wconf 83' lang='lat' dir='ltr'>quod</span> <span class='ocrx_word' id='word_1_154' title='bbox 1597 2989 1882 3077; x_wconf 81' lang='lat' dir='ltr'>Spinoza</span> <span class='ocrx_word' id='word_1_155' title='bbox 1933 2992 2011 3057; x_wconf 86' lang='lat' dir='ltr'>in</span> <span class='ocrx_word' id='word_1_156' title='bbox 2049 3006 2322 3055; x_wconf 82' lang='lat' dir='ltr'>tractatu</span> <span class='ocrx_word' id='word_1_157' title='bbox 2365 3016 2496 3079; x_wconf 89' lang='lat' dir='ltr'>po-</span> 
     </span>
     <span class='ocr_line' id='line_1_24' title="bbox 414 3109 2490 3195; baseline -0 -18"><span class='ocrx_word' id='word_1_158' title='bbox 414 3112 591 3177; x_wconf 83' lang='lat' dir='ltr'>litico</span> <span class='ocrx_word' id='word_1_159' title='bbox 640 3127 943 3195; x_wconf 80' lang='lat' dir='ltr'>sequutus</span> <span class='ocrx_word' id='word_1_160' title='bbox 989 3127 1118 3188; x_wconf 82' lang='lat' dir='ltr'>est,</span> <span class='ocrx_word' id='word_1_161' title='bbox 1187 3109 1382 3172; x_wconf 84' lang='lat' dir='ltr'>Entis</span> <span class='ocrx_word' id='word_1_162' title='bbox 1439 3126 1826 3195; x_wconf 81' lang='lat' dir='ltr'>potestatem</span> <span class='ocrx_word' id='word_1_163' title='bbox 1893 3132 2096 3173; x_wconf 81' lang='lat' dir='ltr'>unam</span> <span class='ocrx_word' id='word_1_164' title='bbox 2140 3132 2290 3175; x_wconf 87' lang='lat' dir='ltr'>esse</span> <span class='ocrx_word' id='word_1_165' title='bbox 2332 3136 2490 3176; x_wconf 85' lang='lat' dir='ltr'>cum</span> 
     </span>
     <span class='ocr_line' id='line_1_25' title="bbox 414 3225 2484 3313; baseline 0.001 -24"><span class='ocrx_word' id='word_1_166' title='bbox 414 3228 553 3307; x_wconf 79' lang='lat' dir='ltr'>iure</span> <span class='ocrx_word' id='word_1_167' title='bbox 588 3228 758 3308; x_wconf 70' lang='lat' dir='ltr'>eius,</span> <span class='ocrx_word' id='word_1_168' title='bbox 799 3227 873 3288; x_wconf 84' lang='lat' dir='ltr'>in</span> <span class='ocrx_word' id='word_1_169' title='bbox 914 3225 1038 3288; x_wconf 82' lang='lat' dir='ltr'>hac</span> <span class='ocrx_word' id='word_1_170' title='bbox 1080 3225 1495 3304; x_wconf 82' lang='lat' dir='ltr'>definitione,</span> <span class='ocrx_word' id='word_1_171' title='bbox 1538 3226 1681 3291; x_wconf 86' lang='lat' dir='ltr'>Ens</span> <span class='ocrx_word' id='word_1_172' title='bbox 1723 3247 2086 3307; x_wconf 84' lang='lat' dir='ltr'>perennem</span> <span class='ocrx_word' id='word_1_173' title='bbox 2131 3229 2232 3291; x_wconf 86' lang='lat' dir='ltr'>sui</span> <span class='ocrx_word' id='word_1_174' title='bbox 2275 3229 2484 3313; x_wconf 85' lang='lat' dir='ltr'>ipsius</span> 
     </span>
     <span class='ocr_line' id='line_1_26' title="bbox 415 3342 2487 3427; baseline 0.002 -20"><span class='ocrx_word' id='word_1_175' title='bbox 415 3342 913 3407; x_wconf 78' lang='lat' dir='ltr'>affirmationem</span> <span class='ocrx_word' id='word_1_176' title='bbox 958 3362 1135 3420; x_wconf 79' lang='lat' dir='ltr'>esse,</span> <span class='ocrx_word' id='word_1_177' title='bbox 1190 3364 1409 3427; x_wconf 84' lang='lat' dir='ltr'>neque</span> <span class='ocrx_word' id='word_1_178' title='bbox 1451 3366 1556 3423; x_wconf 84' lang='lat' dir='ltr'>se,</span> <span class='ocrx_word' id='word_1_179' title='bbox 1614 3344 1732 3409; x_wconf 86' lang='lat' dir='ltr'>sed</span> <span class='ocrx_word' id='word_1_180' title='bbox 1775 3347 2069 3411; x_wconf 83' lang='lat' dir='ltr'>externis</span> <span class='ocrx_word' id='word_1_181' title='bbox 2113 3347 2319 3413; x_wconf 82' lang='lat' dir='ltr'>causis</span> <span class='ocrx_word' id='word_1_182' title='bbox 2359 3372 2487 3419; x_wconf 46' lang='lat' dir='ltr'>ne.-</span> 
     </span>
     <span class='ocr_line' id='line_1_27' title="bbox 414 3456 2485 3550; baseline 0.001 -25"><span class='ocrx_word' id='word_1_183' title='bbox 414 3461 584 3549; x_wconf 68' lang='lat' dir='ltr'>gni,</span> <span class='ocrx_word' id='word_1_184' title='bbox 626 3456 964 3523; x_wconf 82' lang='lat' dir='ltr'>conditum</span> <span class='ocrx_word' id='word_1_185' title='bbox 1007 3476 1133 3526; x_wconf 85' lang='lat' dir='ltr'>est.</span> <span class='ocrx_word' id='word_1_186' title='bbox 1219 3460 1536 3521; x_wconf 72' lang='lat' dir='ltr'>Potestas</span> <span class='ocrx_word' id='word_1_187' title='bbox 1575 3482 1718 3525; x_wconf 85' lang='lat' dir='ltr'>non</span> <span class='ocrx_word' id='word_1_188' title='bbox 1759 3480 1832 3526; x_wconf 90' lang='lat' dir='ltr'>ut</span> <span class='ocrx_word' id='word_1_189' title='bbox 1873 3466 2266 3550; x_wconf 83' lang='lat' dir='ltr'>contingens</span> <span class='ocrx_word' id='word_1_190' title='bbox 2309 3468 2485 3528; x_wconf 84' lang='lat' dir='ltr'>arbi-</span> 
     </span>
     <span class='ocr_line' id='line_1_28' title="bbox 409 3576 2480 3667; baseline 0 -23"><span class='ocrx_word' id='word_1_191' title='bbox 409 3580 625 3657; x_wconf 85' lang='lat' dir='ltr'>trium,</span> <span class='ocrx_word' id='word_1_192' title='bbox 663 3576 775 3641; x_wconf 87' lang='lat' dir='ltr'>sed</span> <span class='ocrx_word' id='word_1_193' title='bbox 818 3594 889 3640; x_wconf 87' lang='lat' dir='ltr'>ut</span> <span class='ocrx_word' id='word_1_194' title='bbox 930 3576 1209 3643; x_wconf 76' lang='lat' dir='ltr'>essentia</span> <span class='ocrx_word' id='word_1_195' title='bbox 1256 3595 1402 3642; x_wconf 85' lang='lat' dir='ltr'>actu</span> <span class='ocrx_word' id='word_1_196' title='bbox 1445 3583 1761 3645; x_wconf 80' lang='lat' dir='ltr'>exsistens</span> <span class='ocrx_word' id='word_1_197' title='bbox 1805 3581 2131 3667; x_wconf 77' lang='lat' dir='ltr'>accipitur.</span> <span class='ocrx_word' id='word_1_198' title='bbox 2173 3584 2363 3667; x_wconf 87' lang='lat' dir='ltr'>(Cap.</span> <span class='ocrx_word' id='word_1_199' title='bbox 2394 3584 2480 3650; x_wconf 90' lang='lat'>11.</span> 
     </span>
     <span class='ocr_line' id='line_1_29' title="bbox 404 3699 2476 3787; baseline -0 -22"><span class='ocrx_word' id='word_1_200' title='bbox 404 3706 490 3766; x_wconf 84' lang='lat' dir='ltr'>de</span> <span class='ocrx_word' id='word_1_201' title='bbox 540 3702 681 3785; x_wconf 73' lang='lat' dir='ltr'>jure</span> <span class='ocrx_word' id='word_1_202' title='bbox 736 3699 1085 3780; x_wconf 84' lang='lat' dir='ltr'>naturali.)</span> <span class='ocrx_word' id='word_1_203' title='bbox 1194 3702 1315 3761; x_wconf 79' lang='lat' dir='ltr'>Jus</span> <span class='ocrx_word' id='word_1_204' title='bbox 1368 3718 1465 3765; x_wconf 88' lang='lat' dir='ltr'>est</span> <span class='ocrx_word' id='word_1_205' title='bbox 1518 3703 1788 3787; x_wconf 84' lang='lat' dir='ltr'>propria</span> <span class='ocrx_word' id='word_1_206' title='bbox 1845 3724 1986 3767; x_wconf 86' lang='lat' dir='ltr'>sese</span> <span class='ocrx_word' id='word_1_207' title='bbox 2041 3700 2476 3765; x_wconf 83' lang='lat' dir='ltr'>manifestans</span> 
     </span>
     <span class='ocr_line' id='line_1_30' title="bbox 406 3819 2480 3908; baseline 0 -25"><span class='ocrx_word' id='word_1_208' title='bbox 406 3820 601 3885; x_wconf 83' lang='lat' dir='ltr'>Entis</span> <span class='ocrx_word' id='word_1_209' title='bbox 645 3819 924 3897; x_wconf 69' lang='lat' dir='ltr'>reditas,</span> <span class='ocrx_word' id='word_1_210' title='bbox 970 3820 1269 3905; x_wconf 79' lang='lat' dir='ltr'>quocirca</span> <span class='ocrx_word' id='word_1_211' title='bbox 1311 3820 1413 3906; x_wconf 87' lang='lat' dir='ltr'>jus</span> <span class='ocrx_word' id='word_1_212' title='bbox 1459 3844 1496 3883; x_wconf 83' lang='lat' dir='ltr'>a</span> <span class='ocrx_word' id='word_1_213' title='bbox 1539 3839 1882 3903; x_wconf 82' lang='lat' dir='ltr'>potestate,</span> <span class='ocrx_word' id='word_1_214' title='bbox 1926 3838 2212 3908; x_wconf 80' lang='lat' dir='ltr'>potestas</span> <span class='ocrx_word' id='word_1_215' title='bbox 2255 3842 2291 3883; x_wconf 88' lang='lat' dir='ltr'>a</span> <span class='ocrx_word' id='word_1_216' title='bbox 2333 3821 2480 3902; x_wconf 77' lang='lat' dir='ltr'>jure</span> 
     </span>
     <span class='ocr_line' id='line_1_31' title="bbox 404 3936 2478 4021; baseline 0 -22"><span class='ocrx_word' id='word_1_217' title='bbox 404 3936 689 4021; x_wconf 77' lang='lat' dir='ltr'>separari</span> <span class='ocrx_word' id='word_1_218' title='bbox 734 3936 983 4021; x_wconf 84' lang='lat' dir='ltr'>nequit.</span> <span class='ocrx_word' id='word_1_219' title='bbox 1064 3938 1398 4021; x_wconf 79' lang='lat' dir='ltr'>Injuriam</span> <span class='ocrx_word' id='word_1_220' title='bbox 1458 3954 1688 4002; x_wconf 84' lang='lat' dir='ltr'>contra</span> <span class='ocrx_word' id='word_1_221' title='bbox 1733 3940 1960 4004; x_wconf 77' lang='lat' dir='ltr'>omnia</span> <span class='ocrx_word' id='word_1_222' title='bbox 2005 3958 2236 4004; x_wconf 81' lang='lat' dir='ltr'>vocare</span> <span class='ocrx_word' id='word_1_223' title='bbox 2279 3937 2478 4000; x_wconf 86' lang='lat' dir='ltr'>debe-</span> 
     </span>
     <span class='ocr_line' id='line_1_32' title="bbox 406 4054 2481 4141; baseline 0.001 -26"><span class='ocrx_word' id='word_1_224' title='bbox 406 4074 589 4130; x_wconf 83' lang='lat' dir='ltr'>mus,</span> <span class='ocrx_word' id='word_1_225' title='bbox 628 4075 792 4136; x_wconf 77' lang='lat' dir='ltr'>quae</span> <span class='ocrx_word' id='word_1_226' title='bbox 836 4058 979 4119; x_wconf 86' lang='lat' dir='ltr'>sine</span> <span class='ocrx_word' id='word_1_227' title='bbox 1019 4070 1335 4135; x_wconf 82' lang='lat' dir='ltr'>potestate</span> <span class='ocrx_word' id='word_1_228' title='bbox 1376 4073 1748 4141; x_wconf 80' lang='lat' dir='ltr'>patrantur,</span> <span class='ocrx_word' id='word_1_229' title='bbox 1791 4078 1916 4141; x_wconf 83' lang='lat' dir='ltr'>qua</span> <span class='ocrx_word' id='word_1_230' title='bbox 1947 4054 2327 4119; x_wconf 86' lang='lat' dir='ltr'>definitione</span> <span class='ocrx_word' id='word_1_231' title='bbox 2366 4076 2481 4117; x_wconf 84' lang='lat' dir='ltr'>na-</span> 
     </span>
     <span class='ocr_line' id='line_1_33' title="bbox 408 4169 2478 4257; baseline 0.003 -26"><span class='ocrx_word' id='word_1_232' title='bbox 408 4169 680 4231; x_wconf 77' lang='lat' dir='ltr'>turalem</span> <span class='ocrx_word' id='word_1_233' title='bbox 726 4186 1111 4253; x_wconf 80' lang='lat' dir='ltr'>potestatem</span> <span class='ocrx_word' id='word_1_234' title='bbox 1155 4172 1229 4235; x_wconf 85' lang='lat' dir='ltr'>in</span> <span class='ocrx_word' id='word_1_235' title='bbox 1270 4172 1612 4239; x_wconf 83' lang='lat' dir='ltr'>hominum</span> <span class='ocrx_word' id='word_1_236' title='bbox 1670 4176 1800 4251; x_wconf 81' lang='lat' dir='ltr'>vita</span> <span class='ocrx_word' id='word_1_237' title='bbox 1853 4176 2031 4239; x_wconf 84' lang='lat' dir='ltr'>nullo</span> <span class='ocrx_word' id='word_1_238' title='bbox 2077 4173 2478 4257; x_wconf 76' lang='lat' dir='ltr'>modoiuris</span> 
     </span>
    </p>
   </div>
  </div>
 </body>
</html>
