2588 4687
955 243 1432 336 -51-,

114 409 387 470 mentis
434 407 979 492 acquiescentiam
1033 413 1318 494 praebet.
1405 413 1586 493 (Eth.
1633 417 1694 476 P.
1742 417 1814 478 V.
1861 416 2042 498 Prop.
2076 417 2212 494 VI.)

114 525 431 590 Libertas
476 527 667 610 igitur
709 528 787 587 ab
830 548 961 588 una
994 545 1241 590 tantum
1276 547 1492 614 parte,
1533 532 1898 594 intellectus
1945 553 2206 616 nempe,

15 717 17 728 Ι
112 660 188 704 at
216 665 383 734 ,non
429 665 513 706 ex
554 645 751 706 altera
798 665 1073 727 quoque,
1118 666 1186 708 se
1228 647 1438 732 ipsam
1483 651 1555 710 in
1600 669 1665 712 se
1709 648 2202 714 determinantis

15 755 17 818 i
112 761 517 838 voluntatis,
580 779 915 845 perspecta
958 781 1077 831 est.

444 933 497 985 2.
568 931 651 978 De
684 927 1043 981 intellectuali
1089 939 1141 981 et
1188 935 1497 984 necessario
1533 934 1638 984 Dei
1675 949 1885 984 amore.

345 1033 509 1092 Cum
556 1054 713 1094 vero
756 1033 829 1090 in
884 1032 1249 1116 adaequatis
1307 1035 1469 1098 ideis
1527 1035 1884 1116 cogitandis
1938 1033 2196 1097 divinae

116 1149 450 1212 essentiae
496 1165 640 1210 actu
684 1149 1003 1213 exsistens
1031 1152 1260 1215 modus
1302 1153 1538 1230 simus,
1577 1155 1762 1216 Deus
1806 1154 1940 1238 ipse
1983 1153 2056 1214 in
2083 1173 2196 1223 no·

115 1259 221 1328 bis
252 1267 419 1350 agit,
462 1269 561 1329 vel
606 1285 673 1328 se
700 1243 909 1350 ipsun:
940 1267 1013 1328 in
1039 1269 1376 1334 intellectu
1419 1289 1648 1336 nostro
1681 1271 1938 1354 cogitat.
2027 1269 2194 1351 Quia

114 1382 363 1446 deinde
408 1385 483 1444 in
538 1355 887 1469 a'daequata
944 1389 1063 1447 sub
1121 1389 1623 1469 specie-aeterni
1669 1390 2043 1472 cognitione
2083 1387 2190 1448 in·

109 1504 411 1563 tellectus
456 1503 589 1566 Dei
648 1503 721 1564 in
774 1504 963 1566 nobis
1027 1521 1097 1565 ut
1152 1506 1225 1567 in
1282 1508 1416 1590 ejus
1475 1506 1955 1590 modificatione
1997 1527 2034 1566 a
2077 1527 2184 1566 vo-

106 1621 364 1682 luntate
404 1620 541 1682 Dei
574 1620 857 1684 discerni
898 1622 1163 1706 nequit,
1214 1621 1356 1686 fieri
1418 1601 1696 1686 omnino
1750 1609 1893 1684 non
1951 1636 2185 1706 potest,

110 1738 285 1820 quin
325 1759 612 1821 unq-uam
658 1739 891 1816 homo,
933 1734 1155 1802 D'eum
1203 1740 1552 1826 adaequate
1592 1740 1998 1824 intelligens,
2035 1738 2185 1800 odio
2261 1722 2272 1747 ³

106 1855 187 1915 in
230 1878 383 1918 enm
434 1855 763 1922 afficiatur.
852 1858 973 1920 Sed
1032 1881 1181 1919 cum
1238 1859 1530 1922 hominis
1579 1859 1860 1921 essentia
1904 1859 2004 1919 vel
2042 1855 2186 1918 -Dei

103 1974 416 2034 attributa
458 1977 535 2034 ab
575 1974 721 2058 ipsa
760 1977 893 2038 Dei
940 1977 1225 2041 essentia
1266 1997 1411 2040 non
1451 1977 1799 2052 differant,
1837 1974 2179 2036 hominem

108 2094 311 2154 etiam
355 2092 429 2152 in
472 2113 691 2155 amore
734 2113 881 2176 erga
922 2095 1137 2154 Deum
1181 2095 1257 2154 in
1298 2114 1418 2155 suo
1457 2096 1624 2156 Esse
1665 2111 2074 2178 perseverare
2115 2091 2184 2150 li-

107 2228 287 2293 quet.
369 2214 594 2294 Itaque
616 2233 721 2272 ,εκ
747 2210 1077 2273 intellectu
1107 2212 1241 2274 Dei
1284 2191 1654 2274 necessario
1697 2231 1878 2272 amor
1903 2209 2038 2273 Dei
2075 2229 2183 2272 ex·

110 2329 355 2405 oritur,
414 2350 517 2406 ac,
572 2352 718 2391 cum
765 2328 994 2391 modus
1038 2351 1168 2393 nec
1208 2331 1279 2391 in
1329 2351 1396 2393 se
1440 2343 1571 2407 est,
1627 2328 1865 2391 necin
1913 2352 1980 2393 se
2025 2348 2187 2389 con-

111 2447 380 2531 eipitur,
419 2448 873 2509 intellectualis
914 2448 1021 2510 ine
1064 2470 1255 2510 amor
1293 2448 1557 2532 proprio
1601 2469 1795 2511 sensu
1841 2470 2022 2509 amor
2065 2460 2183 2520 est,

108 2588 235 2649 quo
265 2566 450 2627 Deus
500 2586 571 2627 se
614 2565 827 2647 ipsum
874 2582 1062 2627 amat.
1108 2565 1290 2641 (Eth.
1337 2570 1402 2631 Ρ.
1433 2570 1507 2630 V.
1549 2568 1689 2629 Pro.
1734 2568 1946 2641 XXX.)
1995 2568 2180 2643 Prop-

104 2698 285 2744 terea
329 2682 525 2743 etiam
566 2700 691 2744 nos
735 2682 821 2743 ita
869 2704 906 2743 a
948 2682 1102 2743 Deo
1146 2682 1392 2757 amari,
1438 2698 1509 2743 ut
1551 2681 1742 2765 hujus
1791 2681 2027 2743 amoris
2071 2698 2180 2739 ne-

105 2801 221 2863 scii
284 2796 519 2875 siuiuS,
582 2800 987 2884 impossibile
1029 2816 1147 2862 est.
1272 2800 1497 2861 Deum
1554 2806 1890 2861 vero'nos
1933 2816 2175 2871 amare,

102 2919 437 3001 postulare
478 2938 616 2979 non
659 2937 1037 3001 possumus,
1084 2916 1426 2997 quoniam,
1483 2915 1535 2976 si
1581 2936 1703 2973 nos
1744 2917 1966 2977 Deum
2011 2935 2176 2975 ama·

101 3057 285 3113 muS,
329 3036 515 3097 Deus
542 3054 665 3097 nos
697 3052 884 3096 amat.
929 3033 1109 3111 (Eth.
1154 3036 1215 3097 P.
1250 3036 1325 3096 V.
1369 3035 1504 3097 Pro.
1531 3032 1810 3095 xxxvl.
1853 3030 2131 3109 Coroll)

312 3167 523 3231 Amor
549 3171 684 3232 Dei
726 3191 878 3253 ergo
908 3166 1258 3230 secundum
1294 3166 1647 3249 Spinozam
1697 3166 1773 3226 in
1817 3162 2172 3227 affectuum

97 3286 483 3370 negatione,
536 3287 603 3351 h.
646 3308 701 3354 e.
742 3288 819 3348 in
860 3286 1208 3369 negatione
1252 3284 1530 3369 negativi
1575 3306 1688 3347 seu
1730 3284 1932 3359 finiti,
1999 3280 2170 3365 posi-

100 3405 237 3467 tive
278 3404 353 3465 in
396 3406 591 3467 tertio
651 3402 1090 3489 cognoscendi
1148 3424 1386 3487 genere
1429 3403 1757 3480 consistit,
1845 3423 1968 3485 qua
2022 3418 2172 3461 sen-

102 3523 307 3584 tentia
350 3542 391 3584 a
438 3522 815 3605 cognitione
858 3521 1117 3585 divinae
1172 3524 1410 3606 gratiae
1451 3524 1647 3605 longe·
1705 3524 1917 3587 abest,
1983 3516 2162 3596 eujus

102 3660 287 3701 amor
326 3638 662 3703 hominem
705 3642 885 3726 prius
925 3638 1186 3717 dilexit,
1258 3614 1455 3722 quaxn
1511 3639 1711 3701 homo
1756 3640 1974 3699 Deum
2019 3630 2168 3691 diii·
2255 3683 2260 3689 ,

103 3776 251 3839 gere
292 3759 522 3840 potuit.

406 3910 460 3964 3.
531 3910 764 3959 Amoris
806 3878 1199 3959 intellectualis
1234 3911 1286 3955 et
1307 3902 1618 3975 felicitatis
1657 3905 1862 3953 unitas·

312 4012 394 4069 In
439 4010 852 4071 intellectuali
902 4011 1033 4073 Dei
1094 4030 1312 4067 amore
1377 4029 1631 4070 summo
1675 4008 1852 4065 bono
1899 4000 2170 4063 fruimur

116 4146 188 4188 ac
224 4126 609 4209 gaudemus,
691 4127 835 4210 quia
886 4144 1135 4210 praeter
1180 4127 1398 4187 Deum
1459 4125 1704 4185 nullum
1755 4124 1996 4183 bonum
2043 4117 2178 4181 dari

1607 4228 1772 4292 Da
