2588 4687
876 325 1358 390 —25—

98 488 203 552 sed
236 509 430 552 unam
460 488 861 572 eandemque
889 511 1035 550 cum
1068 511 1139 552 ea
1168 509 1329 566 esse,
1357 491 1580 574 procul
1611 487 2144 574 dubiosequitur.

96 607 267 685 (Eth.
312 611 375 673 P.
406 610 451 674 1.
493 611 675 692 Prop..
706 602 906 672 XVII·=
938 609 1199 670 XXXII.
1243 611 1477 670 Coroll.
1521 608 1602 689 1.)
1687 608 1750 672 Si
1790 609 1966 670 enim
2008 607 2143 672 Dei

96 727 349 789 libertas
406 746 551 788 non
592 727 734 810 ipsa
796 727 1145 790 necessitas
1202 743 1412 800 esset,
1483 743 1618 788 tum
1676 727 1752 786 in
1804 727 1956 788 Deo
1997 746 2142 788 non

96 844 299 906 solum
324 887 347 920 ,
386 859 457 904 ut
502 861 691 906 antea
732 844 807 906 in
849 846 1175 906 voluntate
1220 860 1285 906 et
1329 859 1670 927 potestate,
1713 845 2028 908 essentiae
2076 859 2142 908 et

92 960 534 1038 exsistentiae,
608 961 725 1024 sed
782 963 1101 1024 essentiae
1156 978 1223 1024 et
1266 961 1586 1024 essentiae
1625 959 1996 1024 differentia
2037 984 2142 1026 ex·

90 1095 299 1148 staret.
386 1083 465 1142 In
504 1081 659 1142 reaii
717 1095 781 1142 et
820 1079 1176 1143 necessaria
1234 1099 1534 1143 aeter-nae
1589 1080 1938 1145 vuluntatis
1995 1102 2142 1165 ope·

89 1196 335 1262 tatione
390 1215 491 1260 est
543 1199 729 1262 Deus
786 1215 1049 1274 natura,
1118 1219 1283 1282 quae
1339 1216 1632 1262 naturam
1686 1217 1986 1284 procreat
2041 1201 2140 1292 vel

90 1330 345 1376 natura
386 1330 761 1390 natm-ans,
806 1332 1033 1400 utpote
1076 1337 1240 1400 quae
1284 1316 1357 1378 in
1397 1337 1466 1380 se
1507 1335 1605 1380 est
1647 1335 1714 1380 et
1753 1318 1828 1378 in
1871 1339 1939 1382 se
1981 1337 2144 1380 con·

94 1433 217 1516 cipi
262 1450 491 1517 potest.
574 1435 826 1496 Natura
868 1449 1122 1509 autem,
1192 1455 1353 1517 quae
1407 1456 1546 1496 non
1603 1436 1730 1497 nisi
1787 1436 1860 1497 in
1917 1436 2039 1498 alia
2079 1451 2146 1497 et

90 1568 335 1614 essolet
378 1550 645 1634 concipi
680 1566 933 1632 potest,
978 1567 1153 1612 recte
1202 1566 1462 1610 natura
1506 1566 1844 1610 maturata
1884 1552 2140 1618 dicitur.

92 1671 324 1730 Creata
366 1691 521 1732 vero
567 1683 831 1742 natura,
909 1667 1151 1750 quippe
1192 1687 1354 1749 quae
1391 1687 1463 1729 se
1505 1667 1714 1749 ipsam
1759 1687 1842 1729 ex
1885 1689 1954 1730 se
1995 1691 2144 1750 pro-

88 1807 303 1848 creare
360 1799 675 1868 nequeat,
745 1805 783 1844 a
844 1801 1107 1846 creante
1159 1800 1390 1846 natura
1443 1804 1670 1848 revera
1724 1786 1866 1846 non
1905 1784 2146 1866 differt,

86 1903 197 1966 sed
244 1924 377 1964 una
420 1903 684 1962 alteram
728 1900 1059 1982 supponit.
1142 1903 1320 1964 Nam
1378 1903 1434 1966 si
1489 1918 1697 1963 creata
1738 1919 1970 1966 natura
2004 1883 2146 1966 non

84 2022 224 2102 ipsa
266 2041 459 2082 causa
503 2018 637 2094 sui,
681 2017 793 2080 sed
839 2018 893 2081 si
940 2040 1169 2084 creans
1214 2035 1466 2096 natura,
1521 2041 1682 2103 quae
1713 2020 1916 2103 igitur
1957 2043 2146 2086 causa

88 2141 182 2202 sui
228 2139 311 2200 sit
352 2156 624 2200 necesse
668 2153 795 2213 est,
832 2157 973 2198 eam
1018 2135 1289 2213 efficiat,
1333 2154 1692 2200 naturatam
1720 2158 2013 2201 naturam
2049 2140 2142 2224 ni·

84 2256 175 2317 hil
234 2256 363 2318 nisi
420 2255 867 2322 exsistentiam
925 2257 1287 2318 naturantis
1343 2271 1612 2317 naturae
1668 2258 1766 2318 vel
1825 2259 2142 2320 essentiae

86 2395 261 2452 esse„
298 2372 641 2435 manifeste
685 2391 965 2457 apparet.
1008 2376 1191 2453 (Eth.
1250 2378 1314 2437 P.
1358 2377 1405 2437 l.
1460 2376 1644 2457 Prop.
1689 2377 1873 2438 XXV.
1916 2378 2146 2443 xx1x2

84 2496 160 2554 In
205 2513 423 2553 rerum
470 2507 701 2552 natura
744 2492 997 2553 nullum
1045 2492 1233 2555 datur
1276 2497 1706 2575 contingens,
1767 2493 1877 2557 sed
1926 2495 2147 2557 omnia

86 2632 168 2673 ex
196 2610 581 2672 necessitate
614 2608 877 2671 divinae
919 2626 1185 2670 naturae
1215 2608 1642 2671 determinata
1686 2626 1839 2670 sunt
1865 2608 1942 2671 ad
1972 2629 2148 2673 certo

86 2726 286 2789 modo
313 2726 753 2789 exsistentium
787 2743 850 2787 et
879 2726 1300 2811 operandum.
1347 2725 1437 2791 cf.
1466 2726 1588 2809 Ep.
1620 2728 1838 2789 Lvnl.
1879 2750 1943 2807 p.
1969 2728 2150 2806 649.)

88 2843 470 2907 Accuratius
513 2845 675 2907 haec
713 2845 808 2905 ita
848 2843 1119 2907 describi
1151 2862 1457 2930 possunt,
1497 2845 1720 2907 Deum
1767 2864 1908 2903 non
1950 2860 2152 2905 trans-

90 2981 392 3037 euntem,
434 2959 548 3023 sed
592 2961 1077 3018 immanentem
1119 2981 1346 3017 rerum
1389 2978 1666 3017 causam
1715 2978 1874 3022 esse.
1955 2960 2153 3035 (Eth,

90 3083 151 3146 P.
201 3084 255 3140 1.
322 3082 511 3156 Prop.
552 3074 805 3149 XVIII.)
892 3075 1113 3152 Itaque
1169 3070 1403 3133 mundi
1459 3071 1870 3151 conservatio
1924 3070 2156 3137 imme-

90 3198 264 3258 diate
308 3188 624 3275 perennis
667 3189 802 3274 ejus
847 3189 1087 3250 creatio
1130 3204 1245 3251 est.

305 3378 527 3441 Deum
588 3376 810 3437 omnia
869 3396 954 3438 ex
1006 3372 1394 3437 necessitate
1449 3388 1716 3436 naturae
1758 3394 1910 3437 suae
1953 3398 2158 3462 agere,

98 3495 469 3581 principalis
514 3495 585 3555 in
639 3495 763 3557 hac
806 3493 1002 3557 modo
1064 3494 1246 3556 finita
1301 3493 1730 3579 explicatione
1788 3498 1968 3557 notio
2020 3516 2156 3558 esse

98 3615 366 3677 videtur.
452 3616 615 3675 Cum
662 3614 847 3675 Deus
892 3612 1248 3701 secundum
1277 3614 1628 3698 Spinozam
1677 3612 1906 3697 agendi
1951 3612 2180 3673 finem·

102 3754 241 3796 non
284 3732 553 3804 habeat,
626 3730 696 3789 in
743 3729 1287 3793 determinatione
1348 3732 1446 3793 sui
1505 3752 1578 3792 se
1636 3752 1672 3789 a
1715 3748 1784 3790 se
1825 3749 1965 3790 non
2006 3729 2163 3791 diri·

105 3852 237 3913 mit.
322 3850 410 3912 Et
452 3863 627 3908 recte
684 3845 941 3928 quidem
997 3846 1256 3907 finitum
1313 3846 1515 3909 finem
1575 3862 1682 3908 aut
1720 3844 1924 3906 funem
1975 3864 2158 3912 extra

105 3990 171 4031 se
216 3968 490 4048 positum
536 3966 722 4027 Deus
764 3961 999 4022 habere
1052 3982 1188 4021 non
1232 3979 1479 4040 potest,
1550 3960 1664 4023 sed
1721 3964 1861 4044 ipse
1917 3964 2035 4025 sibi
2079 3954 2183 4029 fi?

106 4086 207 4147 nis
238 4102 371 4160 est,
417 4084 564 4167 quia
590 4082 778 4144 Deus
814 4079 1003 4141 alium
1036 4080 1163 4140 nisi
1192 4080 1410 4141 Deum
1445 4081 1604 4141 vene
1637 4080 1880 4163 nequit.
1937 4084 2160 4147 Deum

109 4224 259 4266 vero
316 4204 539 4293 Deum
600 4203 758 4264 velle
816 4214 1059 4261 certum
1122 4214 1238 4265 est.
1327 4198 1500 4262 Deus
1557 4199 1746 4284 igitur
1788 4202 1938 4263 Deo
1983 4201 2160 4277 linit,
