2588 4687
712 451 759 489 a.
833 439 1087 509 Cognitio
1124 439 1211 488 sui
1243 444 1322 488 est
1357 436 1686 488 certissima.

326 573 489 633 Cum
519 591 671 656 ergo
706 573 787 635 de
820 575 1143 648 omnibus,
1189 571 1267 632 de
1291 587 1494 647 terra,
1539 571 1618 633 de
1649 593 1953 657 corpore,
1997 573 2079 638 de
2111 598 2244 640 ma-

125 687 516 751 thematicis
537 688 1221 766 demonstrationibus,
1265 691 1343 752 de
1361 689 1493 753 Dei
1524 691 1896 754 exsistentia
1925 691 2084 755 adeo
2113 712 2238 761 etc.

126 805 474 869 dubitaret
519 810 618 869 vel
662 811 946 872 absolute
990 811 1067 870 ab
1099 807 1197 870 his
1229 809 1520 870 animum
1569 809 2004 883 abstraheret,
2048 807 2129 872 de
2156 832 2236 873 eo

124 936 399 1000 tamen,
442 925 615 1008 quod
645 925 963 1001 dubitaret
1006 943 1069 988 et
1116 926 1254 1009 ipsc
1285 924 1585 986 dubitans
1635 942 1827 1001 esset,
1868 925 2236 992 abstrahere

118 1042 422 1122 nequiit.
512 1047 654 1123 Qua
681 1043 931 1105 ratione
972 1060 1261 1107 veterum
1297 1044 1808 1127 Scepticismum,
1849 1043 1958 1126 qui
1999 1043 2080 1108 de
2107 1044 2236 1110 hoo

124 1158 311 1220 adeo
355 1158 779 1236 dubitaverat,
821 1163 1162 1245 superavit,
1208 1178 1583 1246 certumque
1626 1161 1954 1224 Ideaiismi
1999 1161 2234 1226 funda·

118 1293 443 1338 mentum
474 1279 647 1359 jecit.
702 1278 812 1361 (cf.
846 1280 1122 1363 Spinoza
1150 1279 1221 1339 in
1254 1280 1456 1362 Cogit.
1489 1280 1778 1366 Metaph.
1807 1277 1878 1338 in
1909 1299 2092 1362 oper.
2125 1277 2228 1348 ed.

118 1396 396 1458 Paulus·
444 1399 521 1462 Τ.
552 1400 599 1460 Ι.
643 1420 711 1480 p.
746 1398 839 1476 6.)
917 1398 1238 1460 Dubitare
1269 1415 1480 1458 autem
1515 1416 1613 1460 est
1641 1399 1942 1480 cogitare.
2009 1398 2232 1480 Itaque

121 1513 451 1595 cogitatio
482 1515 588 1574 illa
617 1515 1035 1575 exsistentiae
1065 1514 1516 1573 certitudinem
1571 1516 1663 1576 sic
1693 1513 2006 1587 affirmat,
2051 1531 2121 1576 ut
2143 1515 2230 1579 de

118 1651 205 1691 ea
248 1629 545 1690 dubitare
573 1631 847 1714 amplius
882 1651 1021 1690 non
1050 1631 1259 1702 liceat,
1309 1629 1454 1710 quia
1500 1629 1573 1688 in
1620 1631 2232 1712 summeuabstracta.

117 1747 551 1807 dubitatione
578 1745 878 1828 cogitatio
906 1747 975 1805 in
1010 1766 1075 1806 se
1107 1745 1310 1828 ipsam
1344 1765 1629 1827 regressa
1657 1762 1723 1807 et
1748 1745 1875 1805 hoc
1903 1761 2085 1807 motu
2113 1715 2238 1808 im·

120 1861 495 1924 mediatam
544 1863 641 1924 sui
687 1886 835 1926 cum
878 1862 1253 1926 exsistentia
1315 1861 1626 1924 unitatem
1665 1878 1853 1925 nacta
1901 1878 2018 1926 est.
2104 1865 2230 1928 Co·

116 1985 295 2066 gite,
339 2001 489 2064 ergo
518 2002 686 2044 sum.

660 2211 720 2266 b.
794 2213 967 2266 Clara
1002 2221 1053 2264 et
1086 2211 1356 2268 distincta
1389 2217 1686 2290 perceptio.

314 2356 493 2433 Quae
522 2351 617 2415 sui
650 2351 953 2433 cognitio,
1033 2331 1176 2411 cum
1212 2374 1296 2412 ex
1339 2372 1428 2439 se⁴
1450 2352 1586 2433 ipsa
1633 2350 1898 2433 incipiat
1923 2367 2113 2435 atque
2146 2354 2226 2417 in‘

124 2491 205 2533 se
252 2471 455 2555 ipsam
488 2485 863 2543 revertatur,
921 2470 1215 2529 omnium
1249 2488 1408 2530 sane
1451 2466 1899 2551 cognitionum
1955 2486 2058 2531 est
2084 2490 2221 2531 cer·

126 2590 407 2663 tissima,
476 2595 745 2673 quacum
790 2568 934 2661 ,hoc
988 2602 1281 2669 respectu
1325 2585 1620 2647 sensibus
1665 2600 1882 2668 parata
1927 2586 2216 2669 cognitio

127 2708 323 2768 :nullo
354 2705 549 2771 modo
582 2706 942 2790 comparari
972 2720 1199 2789 potest.
1282 2705 1358 2764 In
1387 2704 1560 2764 nulla
1586 2702 1999 2785 cogitatione,
2041 2726 2220 2787 prae·

124 2840 233 2884 ter
260 2826 433 2885 illam
460 2824 555 2887 sui
588 2826 812 2908 ipsius,
840 2841 1017 2902 tanta
1046 2820 1330 2884 veritatis
1361 2818 1677 2884 certitudo
1706 2818 1991 2883 exsistit.
2037 2823 2219 2901 Quae
2315 2880 2318 2883 A

126 2942 313 3003 enim
348 2942 529 3003 aliter
558 2959 736 3003 extra
768 2964 837 3005 se
876 2940 1116 3003 versari
1154 2939 1482 3013 videntur,
1551 2956 1652 2995 res
1683 2959 1796 2999 seu
1822 2936 2106 2999 ideatum
2145 2958 2222 2999 ac

122 3060 229 3119 rei
256 3058 469 3135 imago
500 3076 613 3115 seu
639 3057 807 3132 idea,
850 3058 959 3117 hic
988 3068 1371 3134 congruant,
1413 3070 1684 3130 necesse
1713 3067 1833 3115 est.
1919 3053 2082 3113 Cum
2109 3051 2221 3136 igi·

124 3191 242 3235 tur
268 3171 339 3231 in
375 3171 469 3231 sui
514 3170 717 3253 ipsius
763 3144 1151 3253 cogitatione
1193 3188 1300 3228 res
1345 3183 1410 3230 et
1437 3165 1667 3241 forma,
1721 3164 1887 3228 Esse
1931 3184 1996 3231 et
2029 3169 2217 3255 Cogi·

129 3286 296 3366 tare‘,
342 3290 437 3351 vel
471 3290 831 3353 Realismus
872 3306 937 3351 et
966 3286 1348 3350 Idealismus
1379 3305 1520 3349 non
1547 3281 1878 3365 differunt,
1921 3286 2084 3351 haec
2114 3285 2214 3351 sui

31 3488 38 3499 Ι
132 3408 423 3491 cognitio
455 3408 655 3468 clara
698 3424 763 3472 et
790 3407 1123 3469 distincta
1165 3404 1495 3468 nominari
1524 3402 1732 3473 debet.
1822 3406 1987 3488 Quia
2029 3428 2214 3474 nunc

129 3526 207 3589 in
251 3526 390 3607 ipsa
434 3526 664 3591 veritas
700 3527 1175 3602 certitudinem,
1220 3523 1540 3588 certitudo
1580 3526 1917 3587 veritatem
1952 3539 2210 3607 aequat,

134 3644 359 3707 omnia
388 3665 564 3705 vera
594 3666 735 3709 esse
760 3648 1063 3729 sequitur,
1110 3666 1273 3730 quae
1303 3646 1472 3706 clare
1502 3659 1566 3703 et
1594 3641 1898 3705 distincte
1927 3626 2210 3721 perspici

133 3780 437 3848 possunt.
566 3760 758 3825 Unde
803 3762 1270 3846 philosophiam
1319 3761 1396 3821 ad
1445 3756 1802 3846 eruendam
1852 3757 2248 3838 absolutam·

136 3884 467 3946 veritatem
502 3880 722 3945 omnia
750 3896 879 3941 tam
913 3848 1077 3941 clare
1110 3894 1173 3939 et
1204 3873 1902 3958 distinctejntelligere
1933 3892 2208 3960 oportet,

138 4022 215 4065 ac
240 4001 675 4085 semetipsum
710 3998 981 4082 quisque
1008 4012 1398 4077 cognoscere
1427 4007 1659 4077 potest.
1717 4000 1723 4006 '

1641 4228 1788 4297 As
