2588 4687
1172 303 1655 369 ——56—

392 477 715 542 exsistant
754 477 1115 553 actionum,
1156 471 1591 560 appellarique
1628 483 1840 532 rectae
1881 465 2138 552 possint
2175 463 2450 530 Entele·

394 593 615 670 chiae,
668 595 961 680 itemque
1012 593 1264 658 formae
1319 588 1769 654 substantiales
1825 585 1890 649 vi
1933 585 2139 648 activa
2182 605 2447 670 percep·-

390 710 592 775 tionis
636 729 702 776 et
744 712 1158 798 appetitionis
1198 707 1560 794 praeditae,
1621 705 1880 789 sintque
1920 701 2081 766 adeo
2123 727 2202 762 τοι
2241 723 2445 788 orgum

392 825 629 892 &exram
668 854 769 908 της
808 829 1029 909 (⁶21⁴st

583 985 819 1046 Mones
854 999 929 1044 ut
970 981 1234 1045 definita
1276 983 1356 1044 ab
1398 979 1536 1042 aliis
1579 976 1833 1053 differt,
1873 972 1988 1038 sed
2031 970 2326 1034 definitio
2369 969 2446 1032 in

384 1099 729 1178 specialem
792 1100 1336 1165 manifestationis
1393 1098 1731 1159 materiam
1793 1110 1858 1157 et
1911 1091 2188 1155 formam
2249 1087 2443 1153 cadit.

378 1213 603 1297 „Opus
652 1235 875 1282 tamen
916 1234 1047 1295 est,
1105 1235 1177 1280 ut
1234 1219 1522 1302 singulae
1578 1211 1889 1277 monades
1957 1210 2198 1292 aliquas
2245 1205 2443 1287 quali-

384 1347 547 1398 tates
591 1336 708 1398 sibi
753 1337 1051 1422 proprias
1098 1336 1414 1414 habeant3
1481 1333 1636 1396 alias
1697 1330 1880 1392 enim
1935 1349 2058 1389 nec
2097 1323 2299 1387 Entia
2341 1321 2444 1385 fo-

381 1469 563 1530 r⁰1¹t3
604 1453 737 1516 imo
782 1477 941 1539 opus
982 1472 1115 1533 est,
1155 1470 1229 1516 ut
1269 1453 1588 1537 quaelibet
1617 1455 1852 1515 Mones
1897 1443 2157 1506 differat
2197 1441 2276 1502 ab
2319 1440 2446 1500 alia

382 1545 805 1655 {quacunque3
846 1594 1067 1656 neque·
1104 1568 1281 1635 enim
1326 1593 1618 1655 unquam
1649 1567 1886 1628 dantur
1926 1535 2010 1623 in,
2040 1577 2270 1622 natura
2311 1555 2442 1619 duo

382 1685 613 1764 Enna,
673 1713 946 1774 quorum
990 1713 1193 1754 unum
1236 1713 1321 1753 ex
1364 1710 1506 1752 asse
1549 1683 1900 1750 conveniat
1941 1701 2088 1773 cum
2131 1679 2330 1738 altero
2373 1687 2442 1735 et

384 1805 495 1866 ubi
537 1807 937 1892 impossibile
980 1811 1097 1887 sit,
1158 1806 1482 1894 quandam
1525 1804 1816 1890 reperire
1857 1795 2294 1860 differentiam
2337 1792 2443 1852 in-

380 1923 604 1988 timam
622 1969 645 2002 ‚
727 1943 836 1988 aut
901 1929 977 1989 in
1034 1927 1572 1990 denominatione
1629 1919 2029 1984 extrinsecus
2085 1909 2444 1975 fundatam.

383 2038 564 2104 Alias
609 2043 790 2105 enim
848 2065 991 2108 non
1047 2044 1268 2108 forent
1313 2044 1567 2108 diversa
1609 2037 1816 2102 Entia
1879 2032 1999 2098 sed
2039 2050 2246 2092 unum
2291 2042 2438 2086 tan-

376 2173 553 2239 tum;
593 2181 719 2224 nec
761 2160 1049 2227 diversae
1090 2129 1452 2238 Monadesss
1490 2157 1602 2224 sed
1645 2176 1780 2219 una
1819 2151 2132 2216 tantum.“
2187 2137 2444 2225 (Leibn.

369 2277 584 2343 Ptine.
626 2277 854 2363 philos.
898 2279 960 2361 §0
998 2283 1163 2351 VIII.
1203 2279 1343 2362 IX.)

586 2431 819 2493 Monas
860 2450 962 2495 est
1001 2435 1231 2517 igitur,
1273 2436 1348 2496 in
1393 2456 1463 2498 se
1506 2446 1826 2519 spectata,
1887 2420 2099 2510 quoad
2143 2418 2442 2493 substan-

374 2544 742 2625 tialitatem,
830 2570 973 2611 non
1013 2574 1169 2615 vero
1227 2554 1302 2613 in
1359 2553 1565 2615 activa
1611 2572 1725 2613 sua
1767 2537 2292 2609 manifestatione
2333 2545 2439 2599 50·-

308 2716 315 2721 ·
369 2664 638 2731 talita&
723 2667 1007 2739 »Nam,
1050 2675 1201 2732 cum
1242 2671 1606 2733 forinsecus
1649 2665 1815 2728 nihil
1856 2662 1932 2722 in
1975 2652 2291 2723 monades
2333 2648 2441 2709 in-

368 2796 541 2844 trare
581 2801 829 2867 potest,
869 2788 1156 2871 sequitur
1181 2790 1572 2851 mutationes
1615 2779 2038 2847 accidentales
2067 2766 2440 2837 Monadum

370 2918 407 2960 e
448 2901 771 2985 principio
814 2904 1117 2984 interno,
1160 2906 1221 2971 h.
1250 2928 1307 2970 e.
1351 2906 1480 2970 vita
1521 2901 1786 2989 propria
1812 2898 2044 2960 debere
2085 2883 2440 2973 proficisci,

366 3036 527 3097 ‘1⁰³0
572 3019 831 3103 quidem
874 3026 1293 3110 perceptione
1352 3042 1417 3087 et
1457 3022 1750 3107 appetitu
1807 3038 1877 3081 se
1917 3008 2160 3099 prodit.
2241 3005 2450 3064 Inest-

362 3154 515 3216 ergo
558 3138 815 3201 cuilibet
856 3142 1127 3205 Monadi
1172 3159 1346 3206 certa
1393 3140 1714 3224 quaedam
1757 3130 2103 3218 αὖταρκεια,
2146 3123 2212 3188 vi
2247 3120 2432 3203 cujus

359 3266 425 3310 et
454 3255 634 3333 quasi
666 3252 997 3337 αὐτοματον
1025 3260 1348 3344 quoddam
1379 3278 1789 3344 corporeum.
1875 3248 2158 3329 „(Princ.
2184 3238 2434 3325 philos·

358 3369 417 3449 §·
459 3370 599 3449 XI.)
684 3377 872 3454 Quae·
906 3377 1209 3441 Monadis
1266 3375 1726 3441 determinatio
1778 3390 1922 3433 non
1976 3366 2048 3426 in
2102 3363 2314 3445 ipsam
2361 3373 2434 3415 80

354 3506 712 3570 ponentem
768 3509 835 3554 et
895 3512 1495 3575 repraesentantem
1548 3488 1946 3562 Monadem,
2001 3478 2115 3545 sed
2167 3478 2244 3537 in
2287 3473 2430 3555 ejus

355 3592 701 3669 essentiam
746 3609 935 3676 cadit.
1025 3614 1149 3675 Hic
1192 3615 1520 3677 absolutus
1576 3610 1724 3673 finis
1785 3618 2003 3691 aperte
2065 3590 2434 3681 praedesti-

348 3724 531 3787 natio
580 3744 709 3804 est,
754 3750 915 3810 quae
956 3729 1080 3792 alio
1122 3731 1334 3808 Ente,
1377 3753 1571 3816 quam
1602 3730 1743 3813 ipsa
1787 3716 2092 3791 Monadea
2131 3709 2430 3797 ponitur.

351 3841 557 3919 Quam
587 3847 669 3904 ob
700 3866 839 3907 rem
870 3846 1227 3912 Monadum
1260 3851 1436 3911 inter
1463 3868 1533 3912 se
1559 3845 1788 3909 relatio
1816 3840 1917 3906 vel
1944 3828 2290 3899 harmonia
2317 3848 2432 3887 ex·

348 3970 449 4018 tra
478 3981 585 4023 eas
613 3962 821 4039 caditg
874 3963 1055 4027 finita
1084 3966 1263 4029 enim
1299 3988 1442 4030 non
1470 3947 1833 4041 sunt,‘nis‘i
1865 3976 1936 4021 se
1979 3952 2060 4014 ad
2086 3943 2429 4011 alia²finita

346 4073 672 4152 referunt,
718 4102 947 4145 monas
1007 4104 1164 4147 vero
1217 4086 1293 4146 in
1348 4104 1420 4147 se
1462 4085 1842 4146 conclusum
1885 4072 2272 4137 Absolutum
2321 4076 2428 4125 est

343 4184 618 4270 ideoque
646 4194 841 4255 etiam
872 4200 1229 4261 Monadum
1257 4200 1434 4263 inter
1475 4220 1544 4262 se
1589 4194 1939 4260 concordia
1989 4192 2069 4255 ab
2097 4186 2224 4247 alio
2253 4184 2428 4246 Eute
