<?xml version="1.0" encoding="UTF-8"?>
<!DOCTYPE html PUBLIC "-//W3C//DTD XHTML 1.0 Transitional//EN"
    "http://www.w3.org/TR/xhtml1/DTD/xhtml1-transitional.dtd">
<html xmlns="http://www.w3.org/1999/xhtml" xml:lang="en" lang="en">
 <head>
  <title>
</title>
<meta http-equiv="Content-Type" content="text/html;charset=utf-8" />
  <meta name='ocr-system' content='tesseract 3.04.00' />
  <meta name='ocr-capabilities' content='ocr_page ocr_carea ocr_par ocr_line ocrx_word'/>
</head>
<body>
  <div class='ocr_page' id='page_1' title='image "./despinozaephilo00rosegoog_0038.png"; bbox 0 0 2588 4687; ppageno 0'>
   <div class='ocr_carea' id='block_1_1' title="bbox 1186 315 1663 376">
    <p class='ocr_par' dir='ltr' id='par_1_1' title="bbox 1186 315 1663 376">
     <span class='ocr_line' id='line_1_1' title="bbox 1186 315 1663 376; baseline -0.008 -13"><span class='ocrx_word' id='word_1_1' title='bbox 1186 315 1663 376; x_wconf 67' lang='grc'>...28-</span> 
     </span>
    </p>
   </div>
   <div class='ocr_carea' id='block_1_2' title="bbox 388 474 2465 1270">
    <p class='ocr_par' dir='ltr' id='par_1_2' title="bbox 388 474 2465 1270">
     <span class='ocr_line' id='line_1_2' title="bbox 403 474 2465 562; baseline -0.002 -16"><span class='ocrx_word' id='word_1_2' title='bbox 403 501 549 546; x_wconf 82' lang='lat' dir='ltr'>cere</span> <span class='ocrx_word' id='word_1_3' title='bbox 579 475 986 554; x_wconf 71' lang='lat' dir='ltr'>obtinebant,</span> <span class='ocrx_word' id='word_1_4' title='bbox 1031 474 1200 558; x_wconf 88' lang='lat' dir='ltr'>quod</span> <span class='ocrx_word' id='word_1_5' title='bbox 1229 478 1737 562; x_wconf 75' lang='lat' dir='ltr'>ignominiosum</span> <span class='ocrx_word' id='word_1_6' title='bbox 1766 475 2016 538; x_wconf 68' lang='lat' dir='ltr'>crimen</span> <span class='ocrx_word' id='word_1_7' title='bbox 2054 476 2165 540; x_wconf 77' lang='lat' dir='ltr'>vix</span> <span class='ocrx_word' id='word_1_8' title='bbox 2191 492 2465 542; x_wconf 74' lang='lat' dir='ltr'>eatenus</span> 
     </span>
     <span class='ocr_line' id='line_1_3' title="bbox 403 593 2461 678; baseline -0.004 -14"><span class='ocrx_word' id='word_1_9' title='bbox 403 620 622 664; x_wconf 78' lang='lat' dir='ltr'>verum</span> <span class='ocrx_word' id='word_1_10' title='bbox 679 612 810 673; x_wconf 86' lang='lat' dir='ltr'>est,</span> <span class='ocrx_word' id='word_1_11' title='bbox 866 611 1182 678; x_wconf 79' lang='lat' dir='ltr'>quatenus</span> <span class='ocrx_word' id='word_1_12' title='bbox 1237 597 1559 675; x_wconf 73' lang='lat' dir='ltr'>Spinozae</span> <span class='ocrx_word' id='word_1_13' title='bbox 1604 597 1828 659; x_wconf 88' lang='lat' dir='ltr'>Deum</span> <span class='ocrx_word' id='word_1_14' title='bbox 1890 596 1966 656; x_wconf 87' lang='lat' dir='ltr'>in</span> <span class='ocrx_word' id='word_1_15' title='bbox 2019 614 2088 658; x_wconf 78' lang='lat' dir='ltr'>se</span> <span class='ocrx_word' id='word_1_16' title='bbox 2139 593 2461 658; x_wconf 78' lang='lat' dir='ltr'>reflexum</span> 
     </span>
     <span class='ocr_line' id='line_1_4' title="bbox 399 712 2459 798; baseline -0.001 -22"><span class='ocrx_word' id='word_1_17' title='bbox 399 737 542 781; x_wconf 85' lang='lat' dir='ltr'>non</span> <span class='ocrx_word' id='word_1_18' title='bbox 593 735 740 781; x_wconf 79' lang='lat' dir='ltr'>esse</span> <span class='ocrx_word' id='word_1_19' title='bbox 798 729 1080 798; x_wconf 78' lang='lat' dir='ltr'>apparet.</span> <span class='ocrx_word' id='word_1_20' title='bbox 1203 712 1571 777; x_wconf 81' lang='lat' dir='ltr'>Dicendum</span> <span class='ocrx_word' id='word_1_21' title='bbox 1628 713 1819 797; x_wconf 85' lang='lat' dir='ltr'>igitur</span> <span class='ocrx_word' id='word_1_22' title='bbox 1873 713 2129 790; x_wconf 85' lang='lat' dir='ltr'>fuisset,</span> <span class='ocrx_word' id='word_1_23' title='bbox 2216 713 2459 792; x_wconf 86' lang='lat' dir='ltr'>Spino-</span> 
     </span>
     <span class='ocr_line' id='line_1_5' title="bbox 398 829 2457 914; baseline -0.003 -16"><span class='ocrx_word' id='word_1_24' title='bbox 398 857 544 898; x_wconf 71' lang='lat' dir='ltr'>zam</span> <span class='ocrx_word' id='word_1_25' title='bbox 598 834 824 896; x_wconf 87' lang='lat' dir='ltr'>Deum</span> <span class='ocrx_word' id='word_1_26' title='bbox 881 830 1176 914; x_wconf 86' lang='lat' dir='ltr'>quidem,</span> <span class='ocrx_word' id='word_1_27' title='bbox 1262 851 1405 894; x_wconf 85' lang='lat' dir='ltr'>non</span> <span class='ocrx_word' id='word_1_28' title='bbox 1477 853 1635 893; x_wconf 81' lang='lat' dir='ltr'>vero</span> <span class='ocrx_word' id='word_1_29' title='bbox 1689 831 2129 904; x_wconf 74' lang='lat' dir='ltr'>Christianum</span> <span class='ocrx_word' id='word_1_30' title='bbox 2196 829 2457 906; x_wconf 84' lang='lat' dir='ltr'>docere,</span> 
     </span>
     <span class='ocr_line' id='line_1_6' title="bbox 395 948 2457 1037; baseline -0.002 -22"><span class='ocrx_word' id='word_1_31' title='bbox 395 955 544 1037; x_wconf 79' lang='lat' dir='ltr'>quia</span> <span class='ocrx_word' id='word_1_32' title='bbox 585 952 706 1015; x_wconf 78' lang='lat' dir='ltr'>hac</span> <span class='ocrx_word' id='word_1_33' title='bbox 752 953 890 1014; x_wconf 79' lang='lat' dir='ltr'>sola</span> <span class='ocrx_word' id='word_1_34' title='bbox 930 948 1449 1030; x_wconf 74' lang='lat' dir='ltr'>comparatione,</span> <span class='ocrx_word' id='word_1_35' title='bbox 1516 969 1661 1010; x_wconf 83' lang='lat' dir='ltr'>non</span> <span class='ocrx_word' id='word_1_36' title='bbox 1714 965 1925 1012; x_wconf 83' lang='lat' dir='ltr'>autem</span> <span class='ocrx_word' id='word_1_37' title='bbox 1980 972 2065 1014; x_wconf 82' lang='lat' dir='ltr'>ex</span> <span class='ocrx_word' id='word_1_38' title='bbox 2104 949 2307 1030; x_wconf 81' lang='lat' dir='ltr'>ipsius</span> <span class='ocrx_word' id='word_1_39' title='bbox 2350 969 2457 1028; x_wconf 78' lang='lat' dir='ltr'>sy-</span> 
     </span>
     <span class='ocr_line' id='line_1_7' title="bbox 394 1067 2453 1151; baseline -0.003 -16"><span class='ocrx_word' id='word_1_40' title='bbox 394 1088 698 1147; x_wconf 75' lang='lat' dir='ltr'><strong>stemate,</strong></span> <span class='ocrx_word' id='word_1_41' title='bbox 770 1069 1047 1145; x_wconf 83' lang='lat' dir='ltr'>obiectio</span> <span class='ocrx_word' id='word_1_42' title='bbox 1101 1068 1206 1128; x_wconf 73' lang='lat' dir='ltr'>illa</span> <span class='ocrx_word' id='word_1_43' title='bbox 1269 1067 1422 1129; x_wconf 88' lang='lat' dir='ltr'>oriri</span> <span class='ocrx_word' id='word_1_44' title='bbox 1478 1083 1709 1147; x_wconf 85' lang='lat' dir='ltr'>potest.</span> <span class='ocrx_word' id='word_1_45' title='bbox 1796 1067 1929 1147; x_wconf 85' lang='lat' dir='ltr'>(Cf.</span> <span class='ocrx_word' id='word_1_46' title='bbox 1986 1068 2110 1151; x_wconf 89' lang='lat' dir='ltr'>Ep.</span> <span class='ocrx_word' id='word_1_47' title='bbox 2163 1067 2453 1130; x_wconf 85' lang='lat' dir='ltr'>XLVIII.</span> 
     </span>
     <span class='ocr_line' id='line_1_8' title="bbox 388 1184 2447 1270; baseline 0 -20"><span class='ocrx_word' id='word_1_48' title='bbox 388 1191 657 1252; x_wconf 85' lang='lat' dir='ltr'><strong>XLVlX.</strong></span> <span class='ocrx_word' id='word_1_49' title='bbox 741 1189 1005 1251; x_wconf 76' lang='lat' dir='ltr'>Colerus</span> <span class='ocrx_word' id='word_1_50' title='bbox 1046 1185 1122 1247; x_wconf 84' lang='lat' dir='ltr'>in</span> <span class='ocrx_word' id='word_1_51' title='bbox 1161 1185 1294 1250; x_wconf 74' lang='lat' dir='ltr'>vita</span> <span class='ocrx_word' id='word_1_52' title='bbox 1336 1185 1659 1270; x_wconf 75' lang='lat' dir='ltr'>Spinozae</span> <span class='ocrx_word' id='word_1_53' title='bbox 1701 1201 1820 1253; x_wconf 86' lang='lat' dir='ltr'>etc.</span> <span class='ocrx_word' id='word_1_54' title='bbox 1880 1187 2051 1256; x_wconf 77' lang='lat' dir='ltr'>Paul.</span> <span class='ocrx_word' id='word_1_55' title='bbox 2094 1188 2172 1254; x_wconf 84' lang='lat'>11.</span> <span class='ocrx_word' id='word_1_56' title='bbox 2212 1207 2273 1269; x_wconf 74' lang='lat' dir='ltr'>p,</span> <span class='ocrx_word' id='word_1_57' title='bbox 2316 1184 2447 1252; x_wconf 74' lang='lat'>644</span> 
     </span>
    </p>
   </div>
   <div class='ocr_carea' id='block_1_3' title="bbox 384 1305 664 1387">
    <p class='ocr_par' dir='ltr' id='par_1_3' title="bbox 384 1305 664 1387">
     <span class='ocr_line' id='line_1_9' title="bbox 384 1305 664 1387; baseline -0.036 -11"><span class='ocrx_word' id='word_1_58' title='bbox 384 1305 664 1387; x_wconf 85' lang='lat'>-647.)</span> 
     </span>
    </p>
   </div>
   <div class='ocr_carea' id='block_1_4' title="bbox 259 1475 2485 4285">
    <p class='ocr_par' dir='ltr' id='par_1_4' title="bbox 1021 1475 1790 1560">
     <span class='ocr_line' id='line_1_10' title="bbox 1021 1475 1790 1560; baseline -0.001 -19"><span class='ocrx_word' id='word_1_59' title='bbox 1021 1485 1078 1542; x_wconf 80' lang='lat' dir='ltr'>b.</span> <span class='ocrx_word' id='word_1_60' title='bbox 1144 1485 1486 1542; x_wconf 77' lang='lat' dir='ltr'>Pantheismi</span> <span class='ocrx_word' id='word_1_61' title='bbox 1532 1475 1790 1560; x_wconf 73' lang='lat' dir='ltr'>objectio.</span> 
     </span>
    </p>

    <p class='ocr_par' dir='ltr' id='par_1_5' title="bbox 259 1603 2485 4285">
     <span class='ocr_line' id='line_1_11' title="bbox 596 1603 2441 1692; baseline -0.004 -20"><span class='ocrx_word' id='word_1_62' title='bbox 596 1609 790 1690; x_wconf 74' lang='lat' dir='ltr'>Cuius</span> <span class='ocrx_word' id='word_1_63' title='bbox 835 1605 1053 1692; x_wconf 83' lang='lat' dir='ltr'>judicii</span> <span class='ocrx_word' id='word_1_64' title='bbox 1096 1606 1337 1672; x_wconf 76' lang='lat' dir='ltr'>falsitas</span> <span class='ocrx_word' id='word_1_65' title='bbox 1392 1610 1519 1692; x_wconf 82' lang='lat' dir='ltr'>jam</span> <span class='ocrx_word' id='word_1_66' title='bbox 1582 1631 1661 1672; x_wconf 89' lang='lat' dir='ltr'>eo</span> <span class='ocrx_word' id='word_1_67' title='bbox 1704 1607 2047 1686; x_wconf 80' lang='lat' dir='ltr'>refutatur,</span> <span class='ocrx_word' id='word_1_68' title='bbox 2117 1605 2286 1692; x_wconf 88' lang='lat' dir='ltr'>quod</span> <span class='ocrx_word' id='word_1_69' title='bbox 2330 1603 2441 1666; x_wconf 77' lang='lat' dir='ltr'>alii</span> 
     </span>
     <span class='ocr_line' id='line_1_12' title="bbox 384 1725 2435 1816; baseline -0.003 -27"><span class='ocrx_word' id='word_1_70' title='bbox 384 1729 732 1816; x_wconf 74' lang='lat' dir='ltr'>Spinozam</span> <span class='ocrx_word' id='word_1_71' title='bbox 793 1725 1101 1788; x_wconf 76' lang='lat' dir='ltr'>Atheismi</span> <span class='ocrx_word' id='word_1_72' title='bbox 1158 1727 1591 1803; x_wconf 80' lang='lat' dir='ltr'>contrarium,</span> <span class='ocrx_word' id='word_1_73' title='bbox 1657 1728 2140 1791; x_wconf 84' lang='lat' dir='ltr'>Pantheismum</span> <span class='ocrx_word' id='word_1_74' title='bbox 2192 1743 2435 1805; x_wconf 81' lang='lat' dir='ltr'>nempe</span> 
     </span>
     <span class='ocr_line' id='line_1_13' title="bbox 383 1841 2433 1930; baseline -0.005 -21"><span class='ocrx_word' id='word_1_75' title='bbox 383 1848 650 1922; x_wconf 86' lang='lat' dir='ltr'>docere,</span> <span class='ocrx_word' id='word_1_76' title='bbox 721 1844 906 1905; x_wconf 77' lang='lat' dir='ltr'>firme</span> <span class='ocrx_word' id='word_1_77' title='bbox 949 1843 1347 1906; x_wconf 82' lang='lat' dir='ltr'>contendere</span> <span class='ocrx_word' id='word_1_78' title='bbox 1390 1861 1761 1930; x_wconf 83' lang='lat' dir='ltr'>potuerunt.</span> <span class='ocrx_word' id='word_1_79' title='bbox 1848 1849 2010 1908; x_wconf 91' lang='lat' dir='ltr'>Cum</span> <span class='ocrx_word' id='word_1_80' title='bbox 2074 1843 2248 1905; x_wconf 88' lang='lat' dir='ltr'>enim</span> <span class='ocrx_word' id='word_1_81' title='bbox 2292 1841 2433 1924; x_wconf 79' lang='lat' dir='ltr'>spi-</span> 
     </span>
     <span class='ocr_line' id='line_1_14' title="bbox 376 1960 2435 2045; baseline -0.003 -20"><span class='ocrx_word' id='word_1_82' title='bbox 376 1985 550 2026; x_wconf 72' lang='lat' dir='ltr'>noze</span> <span class='ocrx_word' id='word_1_83' title='bbox 593 1962 813 2024; x_wconf 79' lang='lat' dir='ltr'>omnia</span> <span class='ocrx_word' id='word_1_84' title='bbox 853 1961 927 2021; x_wconf 85' lang='lat' dir='ltr'>in</span> <span class='ocrx_word' id='word_1_85' title='bbox 967 1961 1120 2024; x_wconf 91' lang='lat' dir='ltr'>Deo</span> <span class='ocrx_word' id='word_1_86' title='bbox 1164 1981 1307 2024; x_wconf 86' lang='lat' dir='ltr'>esse</span> <span class='ocrx_word' id='word_1_87' title='bbox 1364 1981 1551 2045; x_wconf 84' lang='lat' dir='ltr'>atque</span> <span class='ocrx_word' id='word_1_88' title='bbox 1594 1980 1658 2024; x_wconf 90' lang='lat' dir='ltr'>et</span> <span class='ocrx_word' id='word_1_89' title='bbox 1698 1965 1985 2025; x_wconf 80' lang='lat' dir='ltr'>naturale</span> <span class='ocrx_word' id='word_1_90' title='bbox 2030 1979 2096 2024; x_wconf 86' lang='lat' dir='ltr'>et</span> <span class='ocrx_word' id='word_1_91' title='bbox 2136 1960 2435 2042; x_wconf 79' lang='lat' dir='ltr'>intelligi·</span> 
     </span>
     <span class='ocr_line' id='line_1_15' title="bbox 375 2079 2431 2164; baseline -0.001 -23"><span class='ocrx_word' id='word_1_92' title='bbox 375 2082 502 2142; x_wconf 84' lang='lat' dir='ltr'>bile</span> <span class='ocrx_word' id='word_1_93' title='bbox 555 2079 946 2140; x_wconf 82' lang='lat' dir='ltr'>Universum</span> <span class='ocrx_word' id='word_1_94' title='bbox 994 2080 1099 2140; x_wconf 84' lang='lat' dir='ltr'>vel</span> <span class='ocrx_word' id='word_1_95' title='bbox 1168 2095 1233 2141; x_wconf 86' lang='lat' dir='ltr'>et</span> <span class='ocrx_word' id='word_1_96' title='bbox 1305 2096 1639 2141; x_wconf 86' lang='lat' dir='ltr'>extensam</span> <span class='ocrx_word' id='word_1_97' title='bbox 1704 2096 1769 2143; x_wconf 85' lang='lat' dir='ltr'>et</span> <span class='ocrx_word' id='word_1_98' title='bbox 1826 2080 2212 2164; x_wconf 81' lang='lat' dir='ltr'>cogitantem</span> <span class='ocrx_word' id='word_1_99' title='bbox 2286 2099 2431 2138; x_wconf 88' lang='lat' dir='ltr'>rem</span> 
     </span>
     <span class='ocr_line' id='line_1_16' title="bbox 371 2194 2433 2283; baseline -0.001 -25"><span class='ocrx_word' id='word_1_100' title='bbox 371 2198 597 2261; x_wconf 84' lang='lat' dir='ltr'>Deum</span> <span class='ocrx_word' id='word_1_101' title='bbox 644 2215 782 2258; x_wconf 85' lang='lat' dir='ltr'>esse</span> <span class='ocrx_word' id='word_1_102' title='bbox 825 2194 1053 2256; x_wconf 89' lang='lat' dir='ltr'>doceat</span> <span class='ocrx_word' id='word_1_103' title='bbox 1094 2196 1275 2272; x_wconf 88' lang='lat' dir='ltr'>(Eth.</span> <span class='ocrx_word' id='word_1_104' title='bbox 1322 2200 1385 2263; x_wconf 84' lang='lat' dir='ltr'>P.</span> <span class='ocrx_word' id='word_1_105' title='bbox 1429 2199 1505 2264; x_wconf 84' lang='grc' dir='ltr'>ΙΙ.</span> <span class='ocrx_word' id='word_1_106' title='bbox 1549 2201 1738 2283; x_wconf 86' lang='lat' dir='ltr'>Prop.</span> <span class='ocrx_word' id='word_1_107' title='bbox 1776 2200 1823 2263; x_wconf 91' lang='lat'>1.</span> <span class='ocrx_word' id='word_1_108' title='bbox 1865 2201 2009 2276; x_wconf 84' lang='grc' dir='ltr'>ΙΙ),</span> <span class='ocrx_word' id='word_1_109' title='bbox 2052 2219 2201 2258; x_wconf 92' lang='lat' dir='ltr'>eum</span> <span class='ocrx_word' id='word_1_110' title='bbox 2248 2213 2433 2257; x_wconf 84' lang='lat' dir='ltr'>natu·</span> 
     </span>
     <span class='ocr_line' id='line_1_17' title="bbox 370 2313 2429 2398; baseline -0 -22"><span class='ocrx_word' id='word_1_111' title='bbox 370 2335 511 2377; x_wconf 75' lang='lat' dir='ltr'>rem</span> <span class='ocrx_word' id='word_1_112' title='bbox 570 2335 719 2375; x_wconf 88' lang='lat' dir='ltr'>cum</span> <span class='ocrx_word' id='word_1_113' title='bbox 776 2313 1004 2398; x_wconf 87' lang='lat' dir='ltr'>spiritu</span> <span class='ocrx_word' id='word_1_114' title='bbox 1061 2330 1126 2375; x_wconf 88' lang='lat' dir='ltr'>et</span> <span class='ocrx_word' id='word_1_115' title='bbox 1180 2313 1435 2375; x_wconf 85' lang='lat' dir='ltr'>finitum</span> <span class='ocrx_word' id='word_1_116' title='bbox 1496 2337 1643 2377; x_wconf 89' lang='lat' dir='ltr'>cum</span> <span class='ocrx_word' id='word_1_117' title='bbox 1700 2315 1971 2381; x_wconf 86' lang='lat' dir='ltr'>Infinito</span> <span class='ocrx_word' id='word_1_118' title='bbox 2026 2313 2429 2377; x_wconf 84' lang='lat' dir='ltr'>confundere</span> 
     </span>
     <span class='ocr_line' id='line_1_18' title="bbox 269 2418 2485 2517; baseline -0.001 -23"><span class='ocrx_word' id='word_1_119' title='bbox 269 2495 277 2503; x_wconf 79' lang='grc'><em>,</em></span> <span class='ocrx_word' id='word_1_120' title='bbox 369 2431 893 2494; x_wconf 80' lang='lat' dir='ltr'>concludebatur.</span> <span class='ocrx_word' id='word_1_121' title='bbox 980 2434 1126 2491; x_wconf 89' lang='lat' dir='ltr'>Huc</span> <span class='ocrx_word' id='word_1_122' title='bbox 1167 2418 1445 2508; x_wconf 81' lang='lat' dir='ltr'>accedit,</span> <span class='ocrx_word' id='word_1_123' title='bbox 1527 2434 1698 2516; x_wconf 89' lang='lat' dir='ltr'>quod</span> <span class='ocrx_word' id='word_1_124' title='bbox 1752 2436 2037 2517; x_wconf 81' lang='lat' dir='ltr'>Spinoza</span> <span class='ocrx_word' id='word_1_125' title='bbox 2077 2432 2430 2494; x_wconf 88' lang='lat' dir='ltr'>Attributo·</span> <span class='ocrx_word' id='word_1_126' title='bbox 2480 2446 2485 2449; x_wconf 82' lang='lat'>&#39;</span> 
     </span>
     <span class='ocr_line' id='line_1_19' title="bbox 369 2544 2433 2618; baseline 0 -9"><span class='ocrx_word' id='word_1_127' title='bbox 369 2571 514 2618; x_wconf 79' lang='lat' dir='ltr'>rum</span> <span class='ocrx_word' id='word_1_128' title='bbox 559 2563 624 2609; x_wconf 85' lang='lat' dir='ltr'>et</span> <span class='ocrx_word' id='word_1_129' title='bbox 664 2544 1008 2608; x_wconf 80' lang='lat' dir='ltr'>Medorum</span> <span class='ocrx_word' id='word_1_130' title='bbox 1053 2546 1489 2611; x_wconf 80' lang='lat' dir='ltr'>differentiam</span> <span class='ocrx_word' id='word_1_131' title='bbox 1546 2552 1621 2612; x_wconf 88' lang='lat' dir='ltr'>in</span> <span class='ocrx_word' id='word_1_132' title='bbox 1674 2554 1903 2614; x_wconf 84' lang='lat' dir='ltr'>nostro</span> <span class='ocrx_word' id='word_1_133' title='bbox 1944 2567 2200 2611; x_wconf 81' lang='lat' dir='ltr'>tantum</span> <span class='ocrx_word' id='word_1_134' title='bbox 2241 2550 2433 2610; x_wconf 87' lang='lat' dir='ltr'>intel·</span> 
     </span>
     <span class='ocr_line' id='line_1_20' title="bbox 363 2664 2428 2747; baseline 0.001 -19"><span class='ocrx_word' id='word_1_135' title='bbox 363 2667 571 2740; x_wconf 86' lang='lat' dir='ltr'>lectu,</span> <span class='ocrx_word' id='word_1_136' title='bbox 628 2684 772 2725; x_wconf 85' lang='lat' dir='ltr'>non</span> <span class='ocrx_word' id='word_1_137' title='bbox 815 2664 1082 2727; x_wconf 75' lang='lat' dir='ltr'>veroin</span> <span class='ocrx_word' id='word_1_138' title='bbox 1124 2667 1278 2729; x_wconf 92' lang='lat' dir='ltr'>Deo</span> <span class='ocrx_word' id='word_1_139' title='bbox 1330 2687 1573 2747; x_wconf 80' lang='lat' dir='ltr'>ponat,</span> <span class='ocrx_word' id='word_1_140' title='bbox 1631 2670 1756 2746; x_wconf 87' lang='lat' dir='ltr'>ita,</span> <span class='ocrx_word' id='word_1_141' title='bbox 1812 2687 1884 2731; x_wconf 90' lang='lat' dir='ltr'>ut</span> <span class='ocrx_word' id='word_1_142' title='bbox 1921 2670 2141 2747; x_wconf 71' lang='grc' dir='ltr'><strong>θεας,</strong></span> <span class='ocrx_word' id='word_1_143' title='bbox 2198 2670 2428 2731; x_wconf 83' lang='lat' dir='ltr'>imma-</span> 
     </span>
     <span class='ocr_line' id='line_1_21' title="bbox 277 2780 2425 2865; baseline 0.006 -26"><span class='ocrx_word' id='word_1_144' title='bbox 277 2837 281 2839; x_wconf 67' lang='lat'>,</span> <span class='ocrx_word' id='word_1_145' title='bbox 360 2804 530 2845; x_wconf 81' lang='lat' dir='ltr'>nens</span> <span class='ocrx_word' id='word_1_146' title='bbox 575 2780 817 2843; x_wconf 89' lang='lat' dir='ltr'>mundo</span> <span class='ocrx_word' id='word_1_147' title='bbox 865 2802 1082 2857; x_wconf 78' lang='lat' dir='ltr'>causa,</span> <span class='ocrx_word' id='word_1_148' title='bbox 1139 2786 1428 2865; x_wconf 77' lang='lat' dir='ltr'>quamvis</span> <span class='ocrx_word' id='word_1_149' title='bbox 1469 2807 1694 2863; x_wconf 79' lang='lat' dir='ltr'>causa,</span> <span class='ocrx_word' id='word_1_150' title='bbox 1736 2786 2001 2849; x_wconf 87' lang='lat' dir='ltr'>effectus</span> <span class='ocrx_word' id='word_1_151' title='bbox 2030 2805 2245 2850; x_wconf 81' lang='lat' dir='ltr'>tamen</span> <span class='ocrx_word' id='word_1_152' title='bbox 2276 2809 2425 2851; x_wconf 85' lang='lat' dir='ltr'>non</span> 
     </span>
     <span class='ocr_line' id='line_1_22' title="bbox 360 2898 2423 2989; baseline 0.002 -26"><span class='ocrx_word' id='word_1_153' title='bbox 360 2900 462 2965; x_wconf 77' lang='lat' dir='ltr'>sit.</span> <span class='ocrx_word' id='word_1_154' title='bbox 548 2900 737 2963; x_wconf 87' lang='lat' dir='ltr'>Deus</span> <span class='ocrx_word' id='word_1_155' title='bbox 782 2898 972 2975; x_wconf 46' lang='lat' dir='ltr'>,enim</span> <span class='ocrx_word' id='word_1_156' title='bbox 1027 2921 1176 2962; x_wconf 88' lang='lat' dir='ltr'>non</span> <span class='ocrx_word' id='word_1_157' title='bbox 1230 2919 1365 2963; x_wconf 79' lang='lat' dir='ltr'>tam</span> <span class='ocrx_word' id='word_1_158' title='bbox 1424 2924 1494 2966; x_wconf 88' lang='lat' dir='ltr'>se</span> <span class='ocrx_word' id='word_1_159' title='bbox 1536 2903 1779 2981; x_wconf 83' lang='lat' dir='ltr'>efficit,</span> <span class='ocrx_word' id='word_1_160' title='bbox 1848 2926 2039 2989; x_wconf 77' lang='lat' dir='ltr'>quam</span> <span class='ocrx_word' id='word_1_161' title='bbox 2083 2927 2271 2969; x_wconf 81' lang='lat' dir='ltr'>causa</span> <span class='ocrx_word' id='word_1_162' title='bbox 2314 2908 2423 2969; x_wconf 89' lang='lat' dir='ltr'>sui</span> 
     </span>
     <span class='ocr_line' id='line_1_23' title="bbox 355 3018 2421 3103; baseline 0.004 -24"><span class='ocrx_word' id='word_1_163' title='bbox 355 3018 432 3080; x_wconf 83' lang='lat' dir='ltr'>in</span> <span class='ocrx_word' id='word_1_164' title='bbox 503 3040 620 3082; x_wconf 88' lang='lat' dir='ltr'>suo</span> <span class='ocrx_word' id='word_1_165' title='bbox 689 3018 853 3082; x_wconf 83' lang='lat' dir='ltr'>Esse</span> <span class='ocrx_word' id='word_1_166' title='bbox 915 3038 1317 3103; x_wconf 76' lang='lat' dir='ltr'>perseverat,</span> <span class='ocrx_word' id='word_1_167' title='bbox 1398 3020 1475 3081; x_wconf 90' lang='lat' dir='ltr'><em>A</em></span> <span class='ocrx_word' id='word_1_168' title='bbox 1513 3053 1585 3081; x_wconf 86' lang='lat'><em>=</em></span> <span class='ocrx_word' id='word_1_169' title='bbox 1620 3020 1727 3098; x_wconf 86' lang='lat' dir='ltr'>A,</span> <span class='ocrx_word' id='word_1_170' title='bbox 1814 3023 1957 3085; x_wconf 88' lang='lat' dir='ltr'>sine</span> <span class='ocrx_word' id='word_1_171' title='bbox 2026 3022 2421 3087; x_wconf 74' lang='lat' dir='ltr'>dit-emtione</span> 
     </span>
     <span class='ocr_line' id='line_1_24' title="bbox 355 3137 2421 3219; baseline 0.001 -21"><span class='ocrx_word' id='word_1_172' title='bbox 355 3157 506 3199; x_wconf 86' lang='lat' dir='ltr'>cum</span> <span class='ocrx_word' id='word_1_173' title='bbox 551 3158 701 3219; x_wconf 85' lang='lat' dir='ltr'>ergo</span> <span class='ocrx_word' id='word_1_174' title='bbox 744 3156 928 3199; x_wconf 80' lang='lat' dir='ltr'>extra</span> <span class='ocrx_word' id='word_1_175' title='bbox 967 3137 1195 3202; x_wconf 89' lang='lat' dir='ltr'>Deum</span> <span class='ocrx_word' id='word_1_176' title='bbox 1237 3138 1405 3201; x_wconf 83' lang='lat' dir='ltr'>nihil</span> <span class='ocrx_word' id='word_1_177' title='bbox 1449 3142 1520 3203; x_wconf 88' lang='lat' dir='ltr'>in</span> <span class='ocrx_word' id='word_1_178' title='bbox 1566 3161 1635 3203; x_wconf 88' lang='lat' dir='ltr'>se</span> <span class='ocrx_word' id='word_1_179' title='bbox 1677 3140 1991 3203; x_wconf 80' lang='lat' dir='ltr'>reflexum</span> <span class='ocrx_word' id='word_1_180' title='bbox 2036 3142 2421 3203; x_wconf 80' lang='lat' dir='ltr'>exsistat—</span> 
     </span>
     <span class='ocr_line' id='line_1_25' title="bbox 346 3254 2421 3321; baseline 0.004 -9"><span class='ocrx_word' id='word_1_181' title='bbox 346 3273 508 3313; x_wconf 71' lang='lat' dir='ltr'>·nam</span> <span class='ocrx_word' id='word_1_182' title='bbox 564 3254 750 3316; x_wconf 86' lang='lat' dir='ltr'>Deus</span> <span class='ocrx_word' id='word_1_183' title='bbox 806 3254 967 3317; x_wconf 76' lang='lat' dir='ltr'>adeo</span> <span class='ocrx_word' id='word_1_184' title='bbox 1021 3275 1092 3318; x_wconf 85' lang='lat' dir='ltr'>se</span> <span class='ocrx_word' id='word_1_185' title='bbox 1147 3256 1222 3317; x_wconf 84' lang='lat' dir='ltr'>in</span> <span class='ocrx_word' id='word_1_186' title='bbox 1280 3276 1352 3319; x_wconf 79' lang='lat' dir='ltr'>se</span> <span class='ocrx_word' id='word_1_187' title='bbox 1404 3279 1547 3321; x_wconf 85' lang='lat' dir='ltr'>non</span> <span class='ocrx_word' id='word_1_188' title='bbox 1606 3258 1878 3321; x_wconf 83' lang='lat' dir='ltr'>reflectit</span> <span class='ocrx_word' id='word_1_189' title='bbox 1932 3294 2019 3307; x_wconf 93' lang='lat'>—-—</span> <span class='ocrx_word' id='word_1_190' title='bbox 2060 3260 2281 3321; x_wconf 86' lang='lat' dir='ltr'>omnia</span> <span class='ocrx_word' id='word_1_191' title='bbox 2336 3260 2421 3321; x_wconf 86' lang='lat' dir='ltr'>in</span> 
     </span>
     <span class='ocr_line' id='line_1_26' title="bbox 259 3368 2420 3457; baseline 0.003 -26"><span class='ocrx_word' id='word_1_192' title='bbox 259 3372 262 3377; x_wconf 77' lang='grc'><strong>’</strong></span> <span class='ocrx_word' id='word_1_193' title='bbox 349 3390 554 3431; x_wconf 84' lang='lat' dir='ltr'>unum</span> <span class='ocrx_word' id='word_1_194' title='bbox 597 3368 1018 3431; x_wconf 86' lang='lat' dir='ltr'>indiscretum</span> <span class='ocrx_word' id='word_1_195' title='bbox 1061 3372 1260 3447; x_wconf 78' lang='lat' dir='ltr'>Esse,</span> <span class='ocrx_word' id='word_1_196' title='bbox 1334 3374 1506 3457; x_wconf 85' lang='lat' dir='ltr'>quod</span> <span class='ocrx_word' id='word_1_197' title='bbox 1561 3393 1791 3439; x_wconf 85' lang='lat' dir='ltr'>nostro</span> <span class='ocrx_word' id='word_1_198' title='bbox 1834 3393 2086 3439; x_wconf 84' lang='lat' dir='ltr'>tantum</span> <span class='ocrx_word' id='word_1_199' title='bbox 2130 3378 2420 3439; x_wconf 78' lang='lat' dir='ltr'>intellec-</span> 
     </span>
     <span class='ocr_line' id='line_1_27' title="bbox 345 3482 2417 3573; baseline 0.002 -22"><span class='ocrx_word' id='word_1_200' title='bbox 345 3488 442 3551; x_wconf 88' lang='lat' dir='ltr'>tui</span> <span class='ocrx_word' id='word_1_201' title='bbox 484 3508 553 3551; x_wconf 81' lang='lat' dir='ltr'>se</span> <span class='ocrx_word' id='word_1_202' title='bbox 597 3485 940 3562; x_wconf 84' lang='lat' dir='ltr'>discernit,</span> <span class='ocrx_word' id='word_1_203' title='bbox 1017 3491 1381 3551; x_wconf 81' lang='lat' dir='ltr'>coalescant</span> <span class='ocrx_word' id='word_1_204' title='bbox 1421 3511 1691 3555; x_wconf 84' lang='lat' dir='ltr'>necesse</span> <span class='ocrx_word' id='word_1_205' title='bbox 1734 3482 1849 3557; x_wconf 86' lang='lat' dir='ltr'>est.</span> <span class='ocrx_word' id='word_1_206' title='bbox 1934 3496 2143 3573; x_wconf 80' lang='lat' dir='ltr'>Quam</span> <span class='ocrx_word' id='word_1_207' title='bbox 2189 3516 2417 3556; x_wconf 87' lang='lat' dir='ltr'>conse-</span> 
     </span>
     <span class='ocr_line' id='line_1_28' title="bbox 345 3604 2415 3700; baseline 0.002 -32"><span class='ocrx_word' id='word_1_208' title='bbox 345 3605 676 3692; x_wconf 76' lang='lat' dir='ltr'>quentiam</span> <span class='ocrx_word' id='word_1_209' title='bbox 717 3606 793 3666; x_wconf 90' lang='lat' dir='ltr'>in</span> <span class='ocrx_word' id='word_1_210' title='bbox 819 3604 1146 3688; x_wconf 80' lang='lat' dir='ltr'>Spinozae</span> <span class='ocrx_word' id='word_1_211' title='bbox 1189 3608 1913 3700; x_wconf 20' lang='lat' dir='ltr'>systematelconditam</span> <span class='ocrx_word' id='word_1_212' title='bbox 1958 3631 2133 3687; x_wconf 79' lang='lat' dir='ltr'>esse,</span> <span class='ocrx_word' id='word_1_213' title='bbox 2182 3614 2415 3695; x_wconf 81' lang='lat' dir='ltr'>negari</span> 
     </span>
     <span class='ocr_line' id='line_1_29' title="bbox 343 3724 2411 3809; baseline 0.001 -22"><span class='ocrx_word' id='word_1_214' title='bbox 343 3724 604 3809; x_wconf 88' lang='lat' dir='ltr'>quidem</span> <span class='ocrx_word' id='word_1_215' title='bbox 649 3745 790 3787; x_wconf 83' lang='lat' dir='ltr'>non</span> <span class='ocrx_word' id='word_1_216' title='bbox 827 3739 1074 3805; x_wconf 81' lang='lat' dir='ltr'>potest3</span> <span class='ocrx_word' id='word_1_217' title='bbox 1145 3724 1258 3786; x_wconf 86' lang='lat' dir='ltr'>sed</span> <span class='ocrx_word' id='word_1_218' title='bbox 1300 3725 1385 3801; x_wconf 86' lang='lat' dir='ltr'>ii,</span> <span class='ocrx_word' id='word_1_219' title='bbox 1442 3728 1549 3808; x_wconf 87' lang='lat' dir='ltr'>qui</span> <span class='ocrx_word' id='word_1_220' title='bbox 1594 3728 1991 3791; x_wconf 83' lang='lat' dir='ltr'>Pantheismi</span> <span class='ocrx_word' id='word_1_221' title='bbox 2036 3729 2287 3791; x_wconf 86' lang='lat' dir='ltr'>crimen</span> <span class='ocrx_word' id='word_1_222' title='bbox 2330 3732 2411 3790; x_wconf 87' lang='lat' dir='ltr'>in</span> 
     </span>
     <span class='ocr_line' id='line_1_30' title="bbox 338 3840 2410 3931; baseline 0.001 -26"><span class='ocrx_word' id='word_1_223' title='bbox 338 3863 488 3905; x_wconf 86' lang='lat' dir='ltr'>eum</span> <span class='ocrx_word' id='word_1_224' title='bbox 534 3840 937 3920; x_wconf 66' lang='lat' dir='ltr'>confinem,</span> <span class='ocrx_word' id='word_1_225' title='bbox 977 3842 1291 3925; x_wconf 78' lang='lat' dir='ltr'>quaedam</span> <span class='ocrx_word' id='word_1_226' title='bbox 1344 3844 1421 3906; x_wconf 89' lang='lat' dir='ltr'>in</span> <span class='ocrx_word' id='word_1_227' title='bbox 1461 3844 1585 3907; x_wconf 88' lang='lat' dir='ltr'>hoc</span> <span class='ocrx_word' id='word_1_228' title='bbox 1610 3845 1852 3928; x_wconf 87' lang='lat' dir='ltr'>judicio</span> <span class='ocrx_word' id='word_1_229' title='bbox 1884 3847 2262 3931; x_wconf 77' lang='lat' dir='ltr'>gravissima</span> <span class='ocrx_word' id='word_1_230' title='bbox 2308 3868 2410 3908; x_wconf 84' lang='lat' dir='ltr'>ar-</span> 
     </span>
     <span class='ocr_line' id='line_1_31' title="bbox 339 3961 2409 4046; baseline 0.003 -26"><span class='ocrx_word' id='word_1_231' title='bbox 339 3978 645 4045; x_wconf 75' lang='lat' dir='ltr'>gumenta</span> <span class='ocrx_word' id='word_1_232' title='bbox 688 3961 1044 4046; x_wconf 82' lang='lat' dir='ltr'>neglexisse</span> <span class='ocrx_word' id='word_1_233' title='bbox 1089 3961 1421 4025; x_wconf 84' lang='lat' dir='ltr'>videntur:</span> <span class='ocrx_word' id='word_1_234' title='bbox 1488 3966 1788 4044; x_wconf 82' lang='lat' dir='ltr'>primum</span> <span class='ocrx_word' id='word_1_235' title='bbox 1832 3964 2206 4029; x_wconf 82' lang='lat' dir='ltr'>distinctam</span> <span class='ocrx_word' id='word_1_236' title='bbox 2252 3968 2409 4027; x_wconf 82' lang='lat' dir='ltr'>Pan·</span> 
     </span>
     <span class='ocr_line' id='line_1_32' title="bbox 339 4075 2405 4156; baseline 0.002 -18"><span class='ocrx_word' id='word_1_237' title='bbox 339 4075 594 4139; x_wconf 84' lang='lat' dir='ltr'>theismi</span> <span class='ocrx_word' id='word_1_238' title='bbox 639 4080 1017 4156; x_wconf 83' lang='lat' dir='ltr'>notionem3</span> <span class='ocrx_word' id='word_1_239' title='bbox 1061 4079 1135 4140; x_wconf 88' lang='lat' dir='ltr'>in</span> <span class='ocrx_word' id='word_1_240' title='bbox 1180 4102 1335 4143; x_wconf 83' lang='lat' dir='ltr'>vero</span> <span class='ocrx_word' id='word_1_241' title='bbox 1380 4080 1554 4141; x_wconf 87' lang='lat' dir='ltr'>enim</span> <span class='ocrx_word' id='word_1_242' title='bbox 1600 4081 2046 4156; x_wconf 82' lang='lat' dir='ltr'>Pantheism0‚</span> <span class='ocrx_word' id='word_1_243' title='bbox 2088 4083 2405 4145; x_wconf 81' lang='lat' dir='ltr'>Indorum</span> 
     </span>
     <span class='ocr_line' id='line_1_33' title="bbox 335 4193 2407 4285; baseline 0.002 -30"><span class='ocrx_word' id='word_1_244' title='bbox 335 4193 663 4271; x_wconf 74' lang='lat' dir='ltr'>videlicet,</span> <span class='ocrx_word' id='word_1_245' title='bbox 706 4194 894 4259; x_wconf 84' lang='lat' dir='ltr'>finita</span> <span class='ocrx_word' id='word_1_246' title='bbox 939 4197 1193 4272; x_wconf 78' lang='lat' dir='ltr'>omnia,</span> <span class='ocrx_word' id='word_1_247' title='bbox 1239 4197 1403 4280; x_wconf 81' lang='lat' dir='ltr'>apud</span> <span class='ocrx_word' id='word_1_248' title='bbox 1435 4198 1789 4279; x_wconf 84' lang='lat' dir='ltr'>Spinozam</span> <span class='ocrx_word' id='word_1_249' title='bbox 1835 4218 1905 4263; x_wconf 87' lang='lat' dir='ltr'>ut</span> <span class='ocrx_word' id='word_1_250' title='bbox 1947 4193 2177 4285; x_wconf 71' lang='lat' dir='ltr'>negata</span> <span class='ocrx_word' id='word_1_251' title='bbox 2222 4200 2407 4262; x_wconf 88' lang='lat' dir='ltr'>omni</span> 
     </span>
    </p>
   </div>
   <div class='ocr_carea' id='block_1_5' title="bbox 2547 623 2588 4503">
    <p class='ocr_par' dir='ltr' id='par_1_6' title="bbox 2547 623 2588 4503">
     <span class='ocr_line' id='line_1_34' title="bbox 2547 623 2588 4503; baseline 0 0"><span class='ocrx_word' id='word_1_252' title='bbox 2547 623 2588 4503; x_wconf 95' lang='lat' dir='ltr'> </span> 
     </span>
    </p>
   </div>
  </div>
 </body>
</html>
