2588 4687
1228 330 1711 390 ...32—

1098 487 1153 542 d.
1224 488 1562 544 Acosmismi
1597 485 1852 559 objectio.
1941 493 1951 506 '

614 597 755 674 Qua
795 593 1061 658 Deismi
1105 594 1468 676 objectione
1509 593 1632 654 alia
1673 592 1952 674 objectio
1989 594 2303 668 nascitur,
2349 615 2523 677 quae

443 712 749 776 intimum
812 713 1179 792 systematis
1240 711 1574 773 cardinem
1633 711 1826 775 vertit
1880 727 2068 794 atque
2112 728 2182 772 ut
2227 714 2524 774 absoluta

440 832 729 916 priorum
764 830 1195 912 objectionum
1244 829 1476 892 veritas
1513 828 1712 912 accipi
1754 844 1990 912 potest.
2073 832 2154 891 In
2197 829 2522 912 opinione
2582 835 2583 844 ‘

440 950 685 1032 vulgari
727 969 829 1010 res
860 948 1077 1010 finitae
1108 947 1552 1008 affirmativam
1578 947 1818 1008 habent
1847 947 2340 1024 exsistentiam3
2381 947 2517 1030 Spi-

442 1089 612 1130 noza
640 1083 896 1142 contra,
938 1088 1039 1130 res
1070 1082 1139 1126 ut
1168 1065 1565 1140 Non-Ens,
1605 1065 1830 1128 Deum
1875 1082 1946 1128 ut
1981 1065 2122 1128 Ens
2165 1064 2515 1139 definienS,

440 1206 707 1248 omnem
770 1182 1016 1245 mundo
1070 1183 1424 1244 realitatem
1482 1182 1712 1250 aufert.
1791 1187 2014 1267 Itaque
2059 1203 2284 1245 revera
2323 1181 2514 1244 Nihil

440 1320 569 1379 est,
623 1301 756 1365 nisi
809 1322 1058 1362 numen
1102 1299 1429 1376 divinum,
1487 1317 1554 1362 et
1596 1303 1854 1376 omnia,
1909 1324 2180 1385 quorum
2229 1300 2512 1364 essentia

438 1419 851 1484 existentiam
896 1439 1039 1480 non
1079 1405 1386 1494 involvit,
1434 1439 1671 1481 vanam
1715 1437 1972 1482 tantum
2013 1418 2298 1502 speeiem
2343 1439 2508 1502 prae
2581 1443 2583 1512 ζ

420 1545 510 1602 ’se
564 1532 798 1599 fe'runt.
888 1537 1157 1598 Sensum
1217 1551 1636 1620 mentemque
1691 1555 1912 1598 sanam
1969 1539 2160 1598 talem
2218 1536 2509 1598 universi
2581 1517 2583 1520 Α

436 1656 812 1728 notionem,
871 1675 1031 1736 quae
1068 1655 1378 1718 Generali
1424 1655 1538 1716 soli
1587 1655 1920 1718 veritatem
1979 1651 2316 1728 concedit,
2373 1653 2508 1714 sin·
2581 1633 2583 1640 Α

436 1773 601 1856 gulis
658 1788 870 1848 autem
932 1770 1237 1854 denegat,
1307 1770 1566 1834 difficile
1622 1787 1732 1832 aut
1785 1770 2244 1842 omninonott
2287 1770 2512 1841 conci·
2581 1747 2583 1750 Α

434 1911 595 1974 pere
633 1910 860 1972 posse,
918 1889 1102 1950 facile
1145 1880 1540 1973 intelligitur.
1623 1888 1762 1968 (ef,
1803 1889 2060 1967 Hegel,
2115 1889 2272 1972 phil,
2315 1889 2508 1954 Jour-
2582 1961 2583 1964 Ἴ

434 2009 562 2091 nal.
606 2007 682 2070 11.
726 2030 788 2090 p.
828 2012 953 2072 118
981 2027 1115 2087 seq.
1158 1983 1702 2090 Eiicyclopaedie.
1743 2007 1828 2070 N.
1857 2005 1940 2068 A.
1986 2029 2048 2089 p.
2070 2010 2178 2072 59.
2223 2023 2294 2090 p.
2320 2006 2500 2084 528.)
2581 1983 2583 2052 Ῐ

432 2121 543 2186 Ex
592 2122 718 2184 hoc
770 2122 1133 2207 principio,
1219 2125 1392 2207 quod
1455 2127 1716 2188 unicam
1775 2123 2196 2186 substantiam
2243 2145 2500 2186 oausam

432 2241 535 2304 sui
576 2238 761 2317 facit,
818 2241 1099 2302 mundus
1157 2263 1297 2304 esse
1353 2259 1605 2304 tantum
1663 2242 1950 2320 videtur,
2007 2262 2230 2304 revera
2283 2258 2502 2302 autem

431 2380 574 2421 non
604 2375 719 2433 est,
762 2360 881 2435 ita,
926 2376 996 2421 ut
1026 2362 1271 2437 Deum,
1314 2365 1501 2423 rebus
1529 2362 2028 2437 immanentem,
2073 2361 2215 2423 sine
2245 2360 2492 2423 mundo

429 2496 603 2551 esse,
650 2491 823 2536 recte
867 2475 1133 2537 dicatur.
1221 2480 1365 2557 Qua
1401 2478 1792 2539 Acosmismi
1835 2454 2215 2539 definitione
2245 2478 2496 2541 Atheis·
2581 2524 2583 2557 2

426 2613 607 2669 mus,
664 2610 979 2676 quatenus
1028 2594 1345 2672 mundus,
1406 2598 1639 2681 quippe
1685 2597 1794 2682 qui
1838 2596 2100 2681 proprie
2147 2616 2272 2656 nec
2317 2618 2497 2658 crea-

426 2728 532 2773 tur
573 2733 700 2774 nec
739 2732 1194 2791 conservatur,
1236 2716 1434 2789 Deus·
1482 2717 1600 2791 sit,
1643 2732 1713 2775 ut
1757 2684 2241 2790 P‘antheismus,
2283 2732 2498 2797 quate·

425 2848 553 2893 nus
599 2830 901 2891 attributa
946 2832 1320 2894 immediate
1367 2850 1694 2893 aeternam
1740 2848 1804 2893 et
1843 2831 2166 2893 infinitam
2210 2833 2346 2894 Dei
2399 2854 2502 2895 es-

428 2948 706 3011 sentiam
752 2951 1155 3036 exprimant,
1201 2972 1328 3012 neo
1371 2952 1558 3015 Deus
1603 2952 1681 3010 ab
1724 2950 2130 3033 expansione
2173 2950 2247 3011 in
2290 2973 2359 3014 se
2402 2972 2500 3013 re·

420 3066 754 3144 flectatur,
800 3068 914 3143 sed
954 3070 1172 3133 inanis
1218 3088 1283 3131 et
1328 3071 1638 3133 abstracta
1684 3068 1893 3129 unitas
1941 3068 2056 3144 sit,
2101 3085 2166 3131 et
2210 3067 2494 3151 denique
2581 3082 2584 3127 a

418 3184 766 3261 Deismus,
837 3204 1151 3269 quatenus
1208 3189 1425 3265 Nihil,
1494 3164 1625 3249 nisi
1682 3206 1812 3245 una
1876 3182 2231 3249 substantia
2273 3209 2496 3249 veram

417 3300 777 3361 realitatem
830 3303 1096 3379 habeat,
1168 3304 1242 3366 in
1299 3327 1496 3367 unam
1560 3304 1742 3388 quasi
1794 3305 2182 3366 sententiam
2225 3282 2496 3367 ''convo-

416 3430 675 3494 cantur,
761 3438 923 3499 quae
976 3436 1195 3503 aperte
1265 3422 1631 3503 systematis
1693 3442 1958 3486 sensum
2016 3420 2309 3486 funditus
2373 3444 2494 3485 ex-

416 3529 652 3597 haurit.

1104 3654 1151 3690 e.
1221 3636 1505 3693 Fatalismi
1538 3636 1796 3713 objectio.

623 3736 842 3825 Atque
882 3740 1007 3825 jam
1063 3741 1187 3804 hac
1241 3742 1322 3805 de
1363 3745 1520 3809 Deo
1563 3744 1894 3824 doctrina,
1966 3744 2143 3831 quod
2201 3742 2492 3807 mundus

411 3854 587 3919 haud
626 3858 1003 3942 negandum
1057 3860 1132 3921 in
1186 3863 1328 3924 Deo
1387 3860 1741 3926 discrimen
1781 3881 2098 3948 poneret,
2151 3882 2495 3945 postrema

410 3975 869 4059 principalium
926 3998 1153 4041 contra
1209 3982 1556 4065 Spinozam
1617 3984 2056 4066 objectionum
2095 3999 2324 4044 exorta
2368 3996 2490 4042 est.

406 4088 699 4153 Vidimus
746 4096 1013 4179 jamjam
1048 4101 1271 4162 Deum
1317 4122 1402 4160 ex
1431 4102 1716 4162 absoluta
1748 4118 2016 4162 naturae
2061 4120 2214 4162 suae
2259 4117 2492 4160 neces-

408 4204 593 4267 sitate
652 4228 877 4290 agere,
946 4236 1141 4295 quam
1201 4216 1488 4295 Spinoza
1545 4238 1693 4278 cum
1748 4220 2044 4279 libertate
2103 4230 2488 4280 commutat.
2581 4240 2583 4247 ·

2309 4318 2488 4377 Tum
