2588 4687
857 297 1348 364 —15—..

68 455 216 550 ga'ta
262 480 449 542 sunt,
490 466 689 548 plane
730 463 1009 524 sublata
1068 465 1241 543 sint,
1297 483 1568 529 necesse
1607 480 1726 534 est.
1808 459 2146 562 [heremi-2

63 587 249 649 natio
296 602 399 647 est
442 585 742 668 negatio,
787 583 919 646 hoc
963 604 1161 646 sensu
1210 583 1332 646 sibi
1377 586 1548 647 vult:
1591 605 1790 648 omne
1829 583 2142 651 determi-

63 722 299 766 natum
344 703 421 762 in
466 723 585 766 suo
618 722 854 785 genere
896 705 977 764 ab
1018 702 1144 762 alio
1186 700 1476 786 ejusdem
1511 703 1766 786 generis
1809 703 2139 788 effectum,
2195 765 2208 780 ,

62 844 215 884 non
273 843 431 884 vero
488 839 701 902 neque
754 840 946 882 causa
990 839 1207 903 neque
1266 817 1538 882 effectus
1583 820 1680 882 sui
1725 835 1841 884 est.
1927 823 2142 907 Siqui-

62 940 223 1000 dem
288 920 641 1002 substantia
698 938 947 998 nullum
992 936 1489 999 determinatum
1547 937 1824 1022 ideoque
1877 959 2016 1001 non
2058 945 2142 1005 ab

64 1059 203 1118 alio
232 1055 573 1140 eflectum,
614 1070 749 1116 tum
784 1055 1125 1118 manifeste
1154 1075 1346 1118 causa
1377 1055 1476 1116 sui
1518 1071 1635 1120 est.
1724 1059 1942 1140 Itaque
1983 1077 2144 1122 con·

60 1191 307 1257 ceptus
336 1174 436 1236 sui
482 1189 581 1235 est
615 1192 803 1234 causa
830 1171 1249 1234 exsistentiae
1284 1173 1458 1254 ejus,
1502 1189 1694 1256 atque
1719 1174 1792 1233 in
1822 1175 2144 1240 exsisten-
2197 1255 2214 1280 ·

62 1296 157 1354 tia
192 1293 333 1376 ipsa
361 1307 460 1354 est
492 1307 847 1373 conceptus
879 1289 999 1352 sui.
1094 1291 1255 1350 Tum
1297 1291 1368 1352 in
1407 1289 1786 1354 definitione
1827 1292 1911 1355 de
1947 1311 2152 1361 cause

66 1412 167 1472 sui
217 1410 441 1472 vitium
486 1407 777 1469 methodi
823 1409 1135 1476 subiatum
1180 1425 1308 1474 est.
1390 1407 1564 1470 Nam
1607 1429 1796 1472 causa
1841 1411 1939 1473 sui
1983 1407 2149 1476 desta

62 1528 363 1589 uitiones
404 1547 546 1588 non
588 1526 935 1608 supponit,
974 1525 1087 1586 sed
1132 1526 1348 1609 potius
1393 1525 1702 1608 primaria
1745 1527 2140 1612 reliquarum

60 1645 530 1706 definitionum
574 1642 935 1726 suppositio
976 1658 1094 1707 est.
1176 1645 1386 1720 Quam
1421 1644 1508 1702 ob
1547 1665 1686 1704 rem
1727 1645 1942 1727 plures
1989 1653 2142 1711 sub-

63 1763 353 1824 stantiae
396 1781 540 1846 esse
581 1776 934 1842 nequeunt.
1017 1761 1190 1819 Tum
1234 1760 1414 1820 enim
1461 1781 1589 1820 una
1632 1763 1989 1826 substantia
2032 1788 2142 1832 ex.

58 1897 175 1940 tra
230 1880 496 1969 aiteram
550 1876 895 1938 exsisteret
963 1876 1065 1939 vel
1136 1897 1265 1936 una
1333 1877 1594 1938 alteram
1646 1877 2141 1966 determinaret3

58 1997 131 2056 h.
184 2016 243 2060 e.
286 1993 641 2056 substantia
682 2011 748 2054 et
792 1996 869 2054 ab
922 1992 1086 2067 alio,
1148 2015 1338 2074 quam
1379 2016 1468 2055 ex
1511 2015 1615 2071 se,
1684 1996 1947 2081 concipi
1993 2022 2144 2084 pos-

60 2129 207 2188 set,
248 2133 464 2196 neque
493 2109 771 2172 omnino
799 2111 933 2194 ejus
965 2111 1251 2172 essentia
1278 2113 1726 2202 exsistentiam
1756 2113 2146 2184 involveret.

244 2266 411 2326 Cum
454 2262 652 2346 igitur
689 2261 1048 2324 substantia
1087 2261 1176 2324 sit
1215 2286 1285 2322 το
1329 2253 1533 2338 Esse,
1577 2262 1655 2323 in
1701 2263 1824 2327 hac
1865 2268 2145 2338 notione

62 2382 427 2446 necessitas
467 2382 597 2465 jam
638 2380 1052 2455 continetur,
1113 2402 1335 2441 rerum
1389 2380 1472 2442 ad
1519 2383 1938 2447 substantiam
1980 2392 2150 2453 reia·

64 2503 325 2563 tionem
369 2494 831 2582 cognoscendi.
918 2496 983 2559 Si
1029 2498 1313 2580 Spinoza
1365 2500 1447 2559 ab
1488 2499 1611 2561 hac
1647 2502 1960 2566 relatione
2007 2509 2152 2571 ani·

66 2642 260 2681 mum
302 2615 763 2690 abstraxisset,
803 2614 880 2674 in
917 2588 1366 2699 phiiosophiae
1407 2637 1562 2679 suae
1602 2617 1792 2679 initio
1820 2619 2018 2685 finem
2057 2626 2150 2691 fa.

68 2758 227 2799 cere
271 2734 613 2797 debuisset.
710 2731 835 2796 Sed
895 2733 1003 2793 illa
1058 2734 1452 2795 substantiae
1507 2734 1889 2800 universitas
1944 2711 2147 2825 quae..

17 2884 24 2889 ·
69 2855 359 2918 stionem
415 2853 592 2915 hanc
642 2872 789 2912 non
838 2849 1113 2927 delevit,
1176 2851 1331 2936 quia
1385 2867 1520 2913 tam
1575 2872 1794 2917 rerum
1851 2879 1888 2919 a
1926 2864 2148 2945 rebus,

70 2993 269 3057 quam
328 2990 554 3031 rerum
616 2988 659 3027 a
717 2969 1070 3029 substantia
1123 2967 1480 3031 discrimen
1532 2973 1850 3035 abstracta
1891 2992 2146 3043 tantum

70 3088 477 3172 cogitatione
516 3083 823 3147 semovit.
904 3084 1190 3167 Spinoza
1242 3084 1436 3167 igitur
1479 3088 1807 3150 internam
1851 3090 2148 3179 finitiad

68 3202 414 3269 infinitum
458 3193 839 3277 relationem
878 3196 1129 3257 nuliam
1170 3218 1316 3261 esse
1356 3203 1714 3285 existimat3
1757 3228 1910 3271 cum
1960 3215 2148 3283 enim

74 3316 445 3388 substantia
486 3334 619 3375 una
675 3335 751 3375 ac
804 3315 939 3378 sola
982 3315 1097 3394 sit,
1172 3334 1358 3379 extra
1411 3340 1556 3381 eam
1613 3325 1776 3387 nihil
1831 3330 2147 3397 exsistere

70 3452 335 3525 potest,
386 3432 561 3517 quod
605 3453 673 3495 se
712 3433 929 3519 ipsum
970 3434 1409 3500 determittare
1454 3457 1664 3525 queat.
1749 3446 1928 3508 Nam
1971 3449 2148 3533 quod

80 3580 157 3621 se
200 3556 411 3639 ipsum
446 3549 871 3615 determinare
897 3572 1148 3639 posset,
1188 3578 1384 3621 causa
1422 3557 1522 3622 sui
1560 3581 1818 3643 quoque
1858 3586 1935 3627 ac
1961 3588 2148 3650 prop·

82 3693 261 3737 terea
314 3668 666 3733 substantia
711 3687 917 3747 esset,
974 3674 1145 3757 quod
1192 3677 1477 3758 Spinoza
1521 3679 1700 3737 nuiio
1746 3677 1946 3739 modo
1987 3700 2147 3739 con-

82 3792 258 3853 eedit
298 3788 573 3869 ideoque
619 3784 770 3845 illud
799 3786 964 3847 finiti
1005 3806 1072 3849 et
1118 3790 1357 3852 infiniti
1387 3792 1746 3855 discrimen
1786 3808 1972 3855 extra
1998 3798 2146 3859 sub-

83 3908 395 3973 stantiam
436 3905 509 3964 in
544 3903 875 3964 intellectu
919 3920 1145 3964 nost-ro
1185 3908 1399 3987 ponit.

260 4061 419 4120 Cum
463 4072 685 4115 tamen
729 4050 897 4133 apud
942 4051 1285 4135 Spinozam
1346 4053 1916 4125 determinationes
1959 4087 2148 4149 repe-

90 4178 383 4250 riuntur,
427 4195 583 4257 quae
614 4172 692 4234 ad
722 4171 1139 4265 substantiam
1174 4171 1515 4237 referenda
1559 4194 1744 4257 sunt,
1785 4185 2142 4247 substantia
