2588 4687
869 295 1353 356 —33-

32 539 34 541 ι
84 455 251 517 Tum
297 453 523 518 Deum
570 457 791 519 omnia
836 457 913 520 ad
972 456 1412 521 exsistentium
1458 473 1523 522 et
1567 437 1966 543 operandum
2009 479 2138 524 nec

31 605 32 608 κ
79 573 263 634 uliam
308 596 447 636 rem
494 595 563 638 se
603 577 817 658 ipsam
862 576 1440 652 determinantem,
1483 592 1548 637 et
1590 574 1872 658 denique
1913 595 2015 642 res
2057 579 2134 642 in

29 625 36 690 f

29 699 36 838 Ι
78 688 336 754 infinita
379 709 611 754 causae
656 691 1053 776 effectusque
1110 693 1648 756 concatenatione
1691 691 1974 755 invicem
2017 715 2134 758 ex-

76 819 257 868 terna
296 809 648 892 negatione
705 827 775 872 se
836 807 1347 873 determinantes
1407 807 1881 893 conspeximus,
1963 815 2134 876 Cum

76 921 235 1006 apud
280 925 632 1009 Spinozem
676 947 765 989 ne
802 929 878 990 in
902 930 1058 992 Deo
1104 925 1366 1012 quidem
1412 928 1850 1004 voluntatem,
1891 926 2004 992 sed
2052 927 2134 992 ri-

72 1040 281 1120 gidam
328 1058 583 1103 tantum
628 1042 1081 1106 necessitatem
1138 1042 1549 1121 invenimus,
1606 1041 1681 1104 in
1742 1060 1966 1106 mente
2007 1043 2134 1110 hu-

29 1241 32 1274 Ι
72 1177 257 1219 mana
298 1159 699 1222 voluntatem
741 1181 884 1222 non
928 1160 1198 1246 reperiri
1228 1159 1467 1223 mirum
1503 1180 1644 1223 non
1689 1177 1810 1230 est.
1892 1164 2132 1227 Volun-

29 1299 31 1364 ᾗ
70 1276 205 1336 tatis
252 1277 437 1340 notio
480 1294 691 1346 autem
724 1279 945 1342 eadem
974 1295 1074 1342 est
1115 1299 1263 1340 cum
1291 1272 1564 1340 notione
1589 1277 1920 1357 libertatis,
1960 1274 2132 1341 ideo·

74 1401 207 1474 qu'e,
249 1395 359 1457 ubi
402 1387 751 1460 voluntatis
793 1398 975 1458 notio
1016 1413 1234 1472 caret,
1275 1395 1632 1458 libertatem
1677 1398 1882 1458 multo
1923 1398 2128 1482 magis

70 1513 279 1595 negari
302 1557 321 1590 ,
366 1513 586 1594 stricta
609 1513 1077 1595 consequentia
1102 1512 1244 1577 erit.
1332 1514 1604 1596 Insuper
1644 1511 1946 1576 voluntas
1993 1535 2132 1576 mo·

68 1625 175 1690 dus
215 1645 471 1691 tantum
513 1629 939 1715 Cogitationis
998 1645 1134 1705 est,
1220 1645 1414 1712 etque
1469 1628 1701 1692 modus
1743 1651 1886 1691 non
1932 1647 2125 1706 esset,

29 1769 31 1778 ·
66 1746 159 1806 ubi
198 1764 395 1809 causa
435 1747 533 1810 sui
577 1769 719 1812 esse
762 1764 997 1832 posset.
1087 1750 1499 1830 Quapropter
1539 1747 1726 1810 multi
1770 1749 2124 1834 Spinozam

29 1845 375 1928 [Fatalismi
434 1887 832 1931 accusavere.
914 1869 945 1946 (
962 1865 1044 1929 cf.
1106 1865 1259 1933 Chr.
1303 1871 1387 1932 ν.
1457 1864 1684 1948 Ψοζῇ.
1736 1843 2120 1930 Natiirliche

68 1981 709 2066 Gottesgelahrtheit‚
752 1987 1075 2048 ubersetzt
1117 2005 1252 2049 von
1292 1985 1540 2070 Hagen.
1583 1985 1768 2048 Hane
1814 1983 2004 2050 1745.
2057 1985 2122 2052 4.

67 2097 132 2184 T·
174 2103 262 2164 11.
304 2099 502 2163 Abth.
546 2110 607 2170 2.
648 2101 701 2180 §.
746 2106 1147 2176 671-716,
1184 2099 1488 2180 inprimis
1533 2115 1746 2161 nutem
1787 2122 1849 2183 p.
1891 2103 2120 2166 709·-

63 2222 207 2294 716,
257 2217 367 2280 ubi
396 2214 1151 2298 Spinozamuniversalis
1177 2217 1227 2278 F
1229 2213 1503 2279 atalismi
1535 2230 1926 2278 sectatorum
1973 2238 2118 2282 esse

61 2331 496 2399 demonstrare
536 2354 752 2423 putat,
822 2336 1003 2419 cujus
1064 2354 1350 2419 systema
1391 2353 1616 2401 tamen
1662 2356 1810 2397 cum
1851 2332 2125 2397 aliorum

60 2450 387 2516 Fatalismo
430 2475 572 2517 non
622 2437 1155 2517 confundendum
1198 2452 1318 2530 sit,
1386 2474 1510 2537 qua
1567 2452 1648 2515 de
1691 2473 1882 2517 causa
1924 2450 2123 2514 etiam

58 2566 497 2651 Fatalismum,
542 2572 1029 2653 Spinozismum
1074 2570 1421 2634 nominare
1462 2571 1690 2647 vetat.)
1776 2567 1901 2632 Sed
1945 2568 2128 2631 Fata·

29 2684 308 2768 stimans,
372 2692 500 2755 nisi
546 2686 1189 2765 cumMaterialismi
1246 2684 1705 2750 mechanismo
1764 2698 2126 2745 commute-

29 2816 180 2883 stur,
252 2806 615 2881 humanam
659 2778 1063 2883 voluntatem
1108 2809 1187 2867 ab
1244 2804 1400 2882 alie,
1466 2800 1689 2885 ignota
1731 2816 1796 2863 et
1841 2800 2120 2865 omnino

57 2924 411 2989 necessaria
468 2926 834 2995 voluntate,
904 2920 1043 2981 Fati
1102 2921 1378 2992 scilicet,
1455 2916 1880 2979 determinari
1939 2916 2127 2996 dicit,

58 3035 155 3119 ita,
219 3054 297 3101 ut
340 3038 640 3100 voluntas
700 3033 985 3095 humana
1042 3050 1114 3092 se
1168 3053 1205 3093 a
1266 3032 1600 3092 voluntate
1654 3028 1829 3089 fatali
1873 3028 2124 3089 differri

29 3155 208 3221 ‚bene
258 3153 379 3217 sibi
410 3151 493 3219 sit
537 3150 817 3213 conscia.
902 3145 1164 3213 Varium
1197 3145 1337 3207 Fati
1371 3163 1656 3218 nomen,
1700 3163 1785 3203 an
1813 3142 2122 3224 Jehovah‚

29 3250 123 3337 itu
162 3276 471 3339 Deorum
531 3268 917 3340 consilium,
991 3284 1077 3326 an
1119 3260 1346 3339 Anah,
1420 3280 1507 3321 an
1547 3275 1812 3334 natura,
1861 3260 1962 3323 vel
2010 3258 2124 3324 de·

55 3389 242 3473 nique
288 3393 369 3450 ad
413 3382 1021 3474 supernaturalis-mi
1063 3380 1334 3447 modum
1377 3380 1566 3445 Deus
1614 3380 1872 3442 triunus
1919 3382 2124 3465 appel-

59 3504 247 3582 letur,
286 3506 361 3567 in
392 3526 463 3567 re
497 3504 657 3566 nihil
687 3504 979 3567 interest.
1066 3500 1267 3563 Talis
1290 3513 1504 3561 autem
1549 3494 1922 3560 differentia
1952 3494 2126 3580 apud

62 3620 400 3705 Spinozam
446 3622 625 3681 nuHa
668 3638 801 3697 est,
876 3618 989 3682 sed
1031 3618 1107 3680 in
1149 3612 1498 3681 voluntatis
1543 3612 1870 3675 humanae
1913 3610 2124 3675 deter-

58 3738 407 3802 minatione
450 3739 751 3801 voluntas
820 3735 1252 3799 substantialis
1313 3753 1386 3795 se
1440 3731 1646 3815 ipsam
1689 3728 2122 3819 ¹determinat..

60 3857 144 3916 vel
182 3840 435 3941 potius,
480 3876 628 3917 cum
675 3853 968 3917 voluntas
997 3850 1131 3914 Dei
1175 3870 1212 3910 a
1254 3849 1534 3911 naturali
1579 3844 1968 3911 substantiae
2009 3868 2123 3911 ne·

62 3975 343 4037 cessitate
387 3994 530 4037 non
576 3966 874 4044 differat,
919 3967 1213 4029 voluntas
1255 3962 1540 4025 humana
1581 3976 1844 4045 propter
1884 3961 2119 4028 imma-

61 4105 317 4156 nentem
343 4092 572 4158 Deum
616 4085 850 4153 modus
894 4098 1183 4161 tantum,
1220 4080 1286 4146 h.
1317 4099 1370 4150 s,
1407 4102 1465 4143 v.
1511 4100 1733 4145 revera
1775 4080 1956 4144 Nihil
2000 4100 2114 4149 est.

1563 4252 1613 4312 C
1693 4305 1699 4312 .
