2588 4687
870 319 1353 384 -43-

529 491 588 567 β,
676 485 887 538 Mentis
923 486 1282 560 corporisque
1317 482 1658 551 conjunctio.

283 607 543 667 Tamen
600 625 790 668 mens
851 621 918 668 et
974 625 1248 690 corpus,
1306 605 1427 667 etsi
1484 603 1560 666 in
1616 621 1851 688 genere
1904 622 2136 688 corpus

20 695 316 814 {menti,
371 743 561 786 mena
609 723 866 806 corpori
924 724 1202 814 omnino
1259 721 1547 784 alienum
1606 720 1723 794 sit,
1780 718 2139 784 secundum

20 907 22 930 ÷
63 841 434 926 Spinozam
479 841 569 902 ita
611 841 1000 918 cohaerent,
1072 856 1180 920 ut,
1232 837 1537 924 quicquid
1581 823 1865 922 eorporis
1910 837 2141 921 agendi.

20 935 437 1044 {potentiam
498 975 684 1042 auget
727 960 826 1021 vel
874 959 1152 1034 minuit,
1223 960 1400 1042 juvat
1456 957 1557 1020 vel
1619 959 1907 1032 coercet,
1972 958 2141 1036 ejus·-

66 1073 218 1136 dem
265 1075 368 1138 rei
411 1074 553 1136 idea
597 1075 830 1137 mentis
876 1075 1195 1158 cogitandi
1223 1073 1581 1157 potentiam
1625 1088 1846 1155 augeat
1887 1073 1985 1134 vel
2025 1071 2141 1132 mi·

67 1208 266 1267 nnat,
315 1193 492 1275 juvet
533 1192 632 1256 vel
677 1195 986 1254 coerceat.
1075 1191 1269 1270 (Eth.
1317 1194 1380 1257 P.
1408 1193 1515 1260 111.
1562 1194 1701 1255 Pro.
1727 1191 1875 1270 XI.)
1954 1191 2143 1252 Hane

71 1308 565 1370 connexionem
611 1329 766 1370 vero
805 1308 1094 1392 Spinoza
1135 1329 1216 1368 ex
1256 1308 1401 1390 ipsa
1442 1308 1681 1369 mentis
1726 1306 2146 1390 corporisque

71 1442 362 1508 natura„
410 1446 602 1506 quam
661 1425 870 1485 obiter
925 1439 1176 1484 tantum
1235 1423 1582 1506 cognovit,
1647 1443 1789 1484 non
1832 1424 1983 1488 satis
2028 1445 2145 1486 ex-

70 1545 339 1624 planat,
394 1527 545 1615 sed,
604 1555 677 1600 ut
720 1541 968 1624 saepius
1011 1539 1085 1600 in
1125 1540 1286 1602 locis
1335 1539 1766 1623 gravissimis,
1822 1543 1901 1602 ab
1948 1561 2147 1621 expe-

69 1659 313 1720 rientia
353 1658 758 1740 potissimum
807 1675 1035 1720 contra
1079 1679 1498 1720 communem
1542 1657 1623 1718 de
1665 1658 2144 1743 independente

20 1749 22 1752 ‚
73 1772 534 1835 mentis·statu
577 1775 964 1859 opinionem
1007 1795 1076 1838 se
1118 1795 1256 1837 rem
1305 1775 1393 1835 ita
1423 1774 1657 1836 habere
1696 1776 1889 1840 variis
1927 1797 2147 1839 exem-

73 1891 202 1972 plis
259 1891 464 1974 magis
523 1890 836 1962 affirmat,
911 1915 1104 1978 quam
1165 1890 1585 1957 demonstrat.
1671 1893 1872 1976 (Eth.
1926 1897 1994 1966 P.
2037 1900 2149 1961 111.

78 2011 184 2074 Pr.
228 2012 315 2073 11.
357 2012 694 2096 praecipue
737 2012 814 2074 in
857 2010 1113 2091 Schol.)

217 2203 282 2258 γ,
366 2175 643 2231 Absoluta
675 2179 886 2230 Mentis
925 2179 1297 2254 corporisque
1328 2180 1519 2232 unitas
1548 2180 1669 2234 sive
1698 2177 1984 2250 Affectus.

253 2295 645 2361 Profundius
688 2293 946 2381 quidem
981 2317 1018 2359 e
1046 2299 1416 2380 systematis
1460 2297 1721 2378 indole,
1762 2298 1875 2393 sed
1914 2300 2157 2367 nihilo-

83 2420 305 2481 minus
352 2420 666 2480 abstracta
709 2433 963 2481 tantum
1013 2420 1268 2481 ratione
1315 2421 1597 2505 Spinoza
1639 2422 1879 2487 mentis
1923 2445 2157 2511 eorpo-

85 2539 306 2622 risque
351 2536 664 2599 unitatem
709 2556 786 2598 eo
820 2539 1094 2620 probare
1138 2537 1385 2616 studet,
1457 2538 1629 2624 quod
1680 2537 2155 2607 Attributorum

20 2678 22 2689 ·
88 2655 162 2717 in
205 2654 566 2718 substantia
605 2652 1042 2715 differentiam
1087 2656 1337 2718 nullam
1383 2675 1527 2720 esse
1568 2654 1745 2720 dicit.
1830 2658 2159 2722 Attributa

89 2772 268 2835 inter
311 2792 381 2836 se
413 2770 670 2857 quidem
716 2772 837 2832 alia
880 2786 946 2833 et
987 2770 1146 2847 alia,
1218 2773 1583 2837 substantia
1625 2788 1838 2837 autem
1885 2776 2163 2865 aequal-ia

94 2890 394 2953 omnium
427 2890 880 2951 attributorum
915 2890 1130 2953 unitas
1159 2907 1289 2967 est,
1329 2890 1405 2952 in
1450 2913 1639 2975 quam
1688 2909 1917 2953 omnes
1965 2911 2002 2953 e
2029 2911 2167 2977 spe·

95 3006 281 3068 cifico
325 3004 498 3066 inter
533 3025 604 3069 se
647 3004 1024 3068 discrimine
1067 3003 1268 3066 simili
1311 3002 1510 3066 modo
1557 3003 1833 3066 redeunt
1874 3022 1941 3067 et
1982 3007 2170 3069 Nihil

93 3123 324 3192 fiunt.-
366 3126 620 3209 Itaque,
673 3146 822 3187 cum
867 3144 1058 3186 mens
1103 3121 1573 3207 Cogitationis,
1646 3142 1877 3205 corpus
1918 3120 2175 3185 Exten-

97 3242 305 3307 sionis
347 3241 576 3305 modus
619 3242 734 3319 sit,
807 3257 1154 3325 utrumque
1193 3261 1417 3304 revera
1459 3262 1603 3303 non
1644 3242 1773 3305 nisi
1816 3262 2021 3305 unum
2066 3244 2173 3305 In-

97 3357 435 3423 dividuum
480 3379 622 3421 esse
665 3374 968 3444 apparet,
1031 3356 1363 3442 quodiam
1406 3360 1521 3421 sub
1562 3358 1719 3436 hoc,
1762 3333 1893 3443 jam
1920 3359 2182 3423 subillo

99 3480 502 3543 substantiae
543 3482 850 3542 attributo
891 3478 1492 3571 comprehenditur.
1576 3478 1775 3559 (Eth.
1808 3481 1876 3545 P.
1906 3478 1982 3544 11.
2029 3480 2173 3541 Pro.

99 3601 240 3664 vn.
283 3599 544 3681 sehon.)
758 3575 763 3586 ’

312 3717 508 3780 Unde
557 3716 875 3802 Spinoza:
951 3718 1028 3799 1)
1071 3717 1362 3804 corporis
1427 3714 1806 3782 affectiones
1866 3714 2058 3777 simul
2102 3714 2179 3777 in

101 3851 327 3899 mente
371 3836 550 3900 ideas
585 3859 962 3923 procreare3
1007 3838 1082 3919 2)
1122 3837 1431 3920 Corporis
1460 3835 1906 3908 mutationem,
1950 3848 2177 3917 utpote

107 3953 436 4039 corporeis
499 3956 708 4019 causis
775 3955 1110 4033 effectam,
1182 3952 1785 4016 determinationem
1826 3950 2179 4015 nominan-

103 4073 294 4151 dam3
367 4070 442 4152 3)
489 4071 734 4137 Mentis
783 4072 1110 4149 actiones,
1171 4090 1439 4155 quarum
1503 4069 1764 4131 interna
1820 4068 2181 4131 recordatio

103 4186 410 4268 exsistat,
472 4188 732 4253 decreta
777 4167 1154 4273 appellanda
1198 4206 1341 4251 esse
1382 4201 1621 4255 censet.
1664 4218 1753 4237 -
1832 4186 2183 4268 Utriusque

1528 4372 1551 4412 Ι
