2588 4687
1165 267 1650 331 ——524—

390 451 638 524 potest,
685 433 856 520 quod
901 449 1162 496 aeterno
1205 453 1269 496 et
1314 434 1499 496 omni
1542 433 1735 495 modo
1781 434 2008 496 satiato
2054 453 2273 496 amore
2322 434 2485 498 dili-

394 575 544 641 gere
597 553 945 638 possimus.
1047 552 1502 615 Intellectualis
1571 551 1707 616 Dei
1766 573 1949 613 amor
2004 573 2157 616 vera
2212 553 2479 632 religio
2555 603 2556 606 ,

395 688 532 748 est,
583 671 673 734 ita
715 687 787 733 ut
845 691 1072 735 omnes
1128 669 1305 733 ideas
1349 669 1829 752 voluntatisque
1871 667 2160 748 decreta,
2218 671 2337 731 ubi
2388 669 2482 730 ad.

392 789 534 856 Dei
585 787 800 852 ideam
841 787 1246 864 referuntur,
1304 787 1605 871 religioni
1650 786 2073 851 adnumerare
2116 787 2331 850 coacti
2392 787 2482 849 si-

395 926 566 976 mus.
695 907 869 970 Nam
915 927 1100 970 mens
1145 904 1403 969 efficere
1444 921 1688 988 potest,
1761 921 1834 966 ut
1894 926 2127 976 omnes
2172 903 2479 990 corporis

399 1023 564 1088 adeo
609 1023 986 1088 affectiones
1027 1043 1142 1086 seu
1181 1043 1403 1085 rerum
1447 1023 1760 1107 imagines
1809 1021 1893 1084 ad
1932 1023 2068 1085 Dei
2110 1021 2325 1084 ideam
2368 1043 2480 1084 re-

400 1140 710 1207 ferantur.
753 1141 934 1220 (Eth.
963 1143 1029 1208 P.
1050 1145 1125 1208 V.
1173 1143 1363 1224 Prop.
1394 1140 1592 1219 XVI.)
1636 1140 2087 1204 Intellectualis
2114 1141 2255 1204 Dei
2282 1161 2481 1202 amor

399 1279 673 1343 propter
717 1257 1100 1348 adaequatae
1142 1256 1320 1320 ideas
1368 1278 1689 1320 summam
1732 1257 2123 1322 activitatem
2167 1279 2243 1320 ae
2278 1279 2481 1342 prop-

399 1392 502 1440 ter
541 1376 714 1439 hanc
755 1395 1076 1440 summam
1115 1375 1425 1437 laetitiam
1469 1375 1544 1436 in
1587 1395 1659 1438 se
1701 1375 2027 1452 continet,
2067 1374 2342 1460 ideoque
2388 1376 2476 1440 si-

401 1495 576 1571 mul,
617 1515 764 1556 cum
807 1493 884 1556 in
926 1513 1000 1556 ea
1043 1491 1383 1556 affectibus
1413 1513 1555 1554 non
1596 1493 1872 1577 amplius
1917 1493 2181 1556 obnoxii
2224 1481 2479 1570 sumus,

399 1629 666 1674 summa
718 1612 976 1674 libertas
1034 1625 1154 1674 est.
1237 1611 1416 1672 Haec
1471 1629 1724 1672 summa
1784 1611 2024 1674 mentis
2076 1612 2333 1674 libertas
2394 1611 2476 1671 in

405 1747 630 1790 amore
681 1727 819 1792 Dei
881 1727 1164 1804 aeterni,
1237 1727 1480 1790 summi
1538 1728 1699 1789 boni
1752 1727 2033 1806 fructus,
2086 1749 2126 1788 a
2164 1727 2477 1791 felicitate

403 1844 542 1908 sive
581 1843 980 1908 beatitudine
1034 1865 1180 1908 non.
1227 1845 1360 1908 nisi
1414 1847 1611 1909 verbo
1668 1844 2003 1931 discrepat.
2051 1845 2240 1926 (Eth.
2284 1849 2349 1912 P.
2391 1850 2474 1913 V.

403 1961 591 2046 Prcp.
621 1963 892 2028 XXXVI.
935 1961 1186 2042 Schol.)
1269 1965 1351 2024 111
1390 1963 1651 2025 infinito
1695 1965 2065 2028 enim.Deo
2104 1965 2287 2026 nulla
2324 1987 2470 2026 mu-

401 2078 565 2140 tatio
614 2081 716 2144 vel
757 2079 1005 2162 passio,
1077 2079 1489 2161 sedsumma
1539 2081 1723 2142 nullo
1768 2081 1961 2143 modo
2004 2081 2321 2144 turbanda
2364 2104 2473 2144 ae-

404 2196 801 2280 quiescentia
841 2197 1054 2275 adest,
1103 2220 1228 2283 qua
1268 2175 1588 2280 sapietis.
1630 2199 1851 2258 omnia
1880 2199 2129 2260 scilicet
2172 2201 2291 2262 sub
2332 2219 2471 2282 spe·

403 2313 506 2377 cie
549 2315 798 2377 aeterni
827 2334 1264 2399 cognoscens,
1322 2336 1463 2377 non
1506 2315 1721 2379 minus
1767 2315 2022 2381 fruitur.

569 2429 736 2491 Inde
777 2452 932 2495 vero
973 2450 1096 2493 nos
1138 2452 1282 2493 non
1313 2449 1657 2517 propterea
1674 2479 1695 2512 ‚
1734 2433 1907 2517 quod
1932 2434 2229 2501 infelices
2270 2438 2471 2501 simus

404 2568 481 2611 ae
519 2546 681 2609 boni
712 2546 1116 2631 indigeamus
1135 2594 1157 2625 ‚
1199 2548 1351 2629 sed,
1397 2551 1547 2635 quia
1572 2550 1790 2615 felices
1816 2574 2072 2615 summo
2104 2554 2277 2619 beno
2304 2553 2471 2627 frua-,¹

400 2657 588 2742 mur,
628 2666 798 2728 bene
840 2640 1062 2749 agere,
1121 2669 1291 2731 clare
1352 2668 1665 2751 sequitur.
1752 2672 1951 2731 Porro
1995 2671 2335 2750 virtutem,
2390 2674 2467 2734 ab

399 2782 822 2845 intellectuali
861 2783 998 2847 Dei
1053 2805 1277 2849 amore
1334 2786 1438 2851 vel
1498 2786 1691 2849 tertio
1749 2788 2183 2871 cognoscendi
2226 2809 2469 2872 genere

399 2896 573 2960 haud
617 2898 976 2977 diversam,
1034 2903 1133 2965 sui
1173 2902 1374 2987 ipsius
1415 2904 1781 2987 praemium
1824 2925 1997 2983 esse,
2053 2908 2151 2969 vel
2198 2908 2470 2990 gratiam

400 3035 546 3078 non
586 3016 662 3077 in
688 3016 1086 3081 beatitudine
1130 3036 1313 3081 extra
1339 3018 1547 3100 ipsam
1591 3023 1714 3085 sita
1744 3043 2047 3104 quaerere
2088 3044 2313 3106 posse,
2356 3022 2470 3087 sed

399 3133 617 3217 petius
660 3132 1086 3199 virtutem.ac
1117 3135 1499 3200 'felicitatem
1540 3158 1747 3200 unum
1791 3139 2093 3225 idemque
2136 3161 2314 3219 esse,
2354 3163 2469 3225 per

405 3268 478 3313 se
519 3265 716 3334 patet.
807 3253 934 3331 Qui
977 3252 1172 3335 igitur
1215 3254 1391 3319 aliud
1434 3256 1689 3322 virtutis
1716 3259 2113 3343 praemium,
2162 3281 2239 3323 ac
2278 3260 2472 3323 virtu·

401 3380 541 3427 tem
585 3367 894 3456 credunt,
935 3373 1036 3471 rel
1077 3370 1451 3438 felicitatem
1496 3378 1809 3481 (qualem‘
1840 3377 1966 3462 ipsi
2010 3376 2356 3455 nesciunt)
2397 3377 2471 3437 in

397 3483 590 3547 aliam
620 3503 768 3570 post
809 3502 1086 3550 mortem
1127 3489 1331 3551 vitam
1379 3491 1734 3571 differunt,
1780 3516 2001 3559 errore
2041 3493 2470 3558 circumventi

401 3619 594 3679 sunt,
627 3604 964 3687 'quoniam
1006 3605 1080 3666 in
1136 3605 1561 3673 intellectuali
1602 3613 1716 3674 illo
1759 3606 1895 3674 Dei
1938 3632 2161 3674 amore
2201 3634 2394 3677 mens
2433 3633 2471 3673 a

317 3776 320 3779 ,
397 3718 554 3781 Dee
586 3718 894 3805 distingui
925 3724 1184 3807 nequit,
1229 3726 1364 3790 Dei
1392 3699 1602 3793 autem
1642 3730 2019 3792 felicitatem
2062 3730 2240 3791 nulla
2266 3729 2469 3792 felici-

395 3851 492 3901 tas
523 3858 823 3923 superare
851 3857 1084 3924 potest.
1135 3842 1248 3927 (cf.
1272 3846 1657 3929 Schelling:
1701 3846 1909 3910 Briefe
1945 3848 2104 3910 iiber
2127 3845 2259 3909 den
2286 3847 2468 3930 Dog-

397 3956 736 4019 matismus
774 3958 910 4023 und
936 3959 1378 4041 Kriticismus,
1418 3964 1576 4028 inde
1608 3968 1685 4029 ab
1719 3982 1939 4029 octava
1964 3996 2051 4012 -·—
2096 3962 2175 4029 ad
2218 3984 2468 4029 nonam
2554 3960 2556 3963 ⁴

400 4070 792 4154 epistolam.)
