2588 4687
1182 283 1625 348 ...4.-

1079 465 1128 501 c.
1201 450 1413 500 lunata
1457 453 1556 502 Dei
1592 450 1741 504 idea.

553 554 790 616 Omnia
821 554 1047 637 igitur,
1104 572 1266 634 quae
1313 573 1451 613 non
1480 555 1644 617 sicut
1672 557 1810 641 ipsa
1854 555 2155 639 cogitatio
2190 560 2458 646 cogitari

294 656 298 662 ¹
382 688 673 756 possunt,
713 687 819 731 aut
851 692 1041 755 supra
1071 687 1178 732 aut
1209 668 1381 731 infra
1412 673 1511 736 sui
1552 673 1761 758 ipsius
1792 673 2257 757 cogitationem
2303 698 2459 742 esse

385 788 642 854 debent.
724 787 900 850 Infra
943 811 1083 850 eam
1130 807 1230 852 est
1275 806 1531 867 natura,
1576 813 1767 876 supra
1814 811 1957 854 eam
2000 793 2209 871 DeuS,
2256 817 2453 878 quem

383 923 606 968 tamen
634 907 740 967 illa
783 907 1010 969 ciat-ius
1035 909 1485 993 perspicimus.
1570 909 1695 972 Est
1736 909 1916 972 enim
1961 911 2036 972 in
2078 929 2301 974 mente
2326 935 2455 975 no-

338 1060 346 1067 ·
384 1041 512 1084 stra
543 1023 725 1085 notio
739 1024 899 1091 Dei,
945 1047 1135 1108 quam
1169 1044 1431 1090 nosmet
1457 1027 1584 1108 ipsi
1615 1049 1757 1090 non
1783 1025 2141 1104 effecimus,
2171 1029 2283 1092 sed
2310 1048 2451 1092 tan-

384 1159 519 1202 tum
551 1141 956 1207 invenimus,
1042 1147 1346 1206 Creatura
1390 1143 1688 1208 videlicet
1714 1147 2025 1209 creatoris
2054 1145 2267 1209 ideam
2300 1149 2453 1212 sibi-

383 1275 522 1320 met
548 1259 688 1343 ipsa
722 1280 805 1320 ex
847 1280 960 1322 sua
988 1259 1284 1324 facultate
1310 1261 1552 1344 fingere
1583 1263 1837 1347 nequit,
1903 1264 2017 1326 sed
2060 1283 2308 1326 creator
2340 1287 2452 1330 so-

381 1377 481 1438 lus
513 1391 835 1438 creaturae
863 1397 1002 1438 eam
1032 1380 1514 1440 communicare
1554 1397 1789 1462 potest.
1873 1385 2012 1442 Dei
2050 1383 2242 1464 igitur
2282 1383 2450 1444 idea

380 1495 594 1550 menti
621 1492 967 1554 humanae
985 1496 1241 1557 innata
1268 1513 1384 1560 est.
1442 1500 1606 1558 Cum
1639 1520 1791 1560 vero
1822 1521 2011 1563 mens
2032 1499 2207 1562 hanc
2237 1501 2451 1563 ideam

379 1630 522 1670 non
549 1609 785 1671 habere
816 1633 956 1673 non
985 1629 1231 1697 potest,
1273 1612 1386 1677 sed
1425 1615 1713 1676 absolute
1736 1616 1871 1678 Dei
1912 1591 2252 1680 notionem
2279 1620 2453 1704 cogi-

376 1743 514 1787 tare
543 1727 762 1804 debet,
809 1728 931 1791 hac
975 1731 1298 1813 cogitandi
1341 1732 1725 1795 necessitate
1768 1732 1845 1794 ad
1883 1733 2333 1798 certitudinem
2364 1737 2447 1800 de

380 1842 758 1906 exsistentia
795 1848 931 1930 .in
972 1849 1334 1912 necessario
1378 1848 1767 1934 perducitur.
1854 1851 1974 1914 Est
2012 1853 2240 1920 Deus,
2292 1875 2446 1938 ergo

377 1977 478 2020 est
507 1961 694 2021 notio
719 1963 876 2038 Dei,
921 1967 1042 2040 vel,
1084 1983 1181 2026 est
1201 1968 1385 2027 notio
1414 1967 1569 2043 Dei,
1612 1989 1761 2052 ergo
1792 1985 1888 2030 est
1914 1971 2128 2038 Deus·
2170 1970 2286 2050 (cf.
2314 1975 2445 2034 Ho-

373 2075 489 2136 tho
515 2076 595 2136 de
624 2077 861 2160 philos.
895 2085 1136 2148 Cartes.
1162 2106 1223 2164 p.
1258 2086 1592 2164 18—22.)
1674 2089 1891 2168 [taque
1919 2091 2155 2152 mentis
2182 2107 2442 2154 nostrae

369 2192 768 2276 principium
799 2197 869 2258 in
896 2199 1048 2261 Deo
1075 2199 1509 2278 invenientes,
1554 2224 1741 2266 verae
1770 2227 2024 2289 quoque
2050 2208 2441 2292 cognitionis

371 2309 771 2396 principium
801 2335 943 2377 non
969 2317 1042 2377 in
1067 2339 1375 2383 sensuum
1400 2320 1832 2406 experientia,
1875 2322 1991 2387 sed
2015 2325 2088 2387 in
2110 2326 2253 2411 ipso
2282 2327 2438 2393 Deo

369 2447 751 2510 quaeramus
784 2450 1056 2495 necesse
1085 2454 1204 2500 est.

837 2622 911 2691 3.
1016 2622 1381 2695 Substantia
1428 2646 1493 2695 et
1548 2632 1958 2701 substantiae.

1264 2772 1315 2807 a.
1368 2760 1533 2809 Deus.

529 2848 718 2915 Dens
755 2854 958 2932 enim,
1005 2857 1184 2940 cujus
1211 2861 1554 2923 notionem
1598 2862 1970 2927 immediate
2013 2866 2091 2927 ab
2130 2867 2271 2951 ipso
2308 2889 2439 2931 no·-

361 2966 460 3031 bis
487 2966 780 3033 innatam
814 2972 1221 3055 invenimus,
1265 2976 1347 3039 ad
1374 2980 1811 3043 exsistentiam
1854 2980 2089 3045 nullius
2128 2985 2285 3049 alius
2320 2985 2434 3049 in-

360 3081 553 3169 diget,
598 3090 703 3151 vel
745 3106 841 3153 est
877 3092 1064 3155 Deus
1109 3097 1491 3163 substantia.
1577 3101 1784 3175 Deus,
1826 3114 1897 3161 ut
1938 3102 2299 3167 substantia.
2335 3104 2433 3167 vi-

359 3215 495 3261 tam
520 3223 601 3264 ex
628 3226 700 3269 se
727 3206 872 3290 ipso
901 3210 1230 3289 habens‚·a
1253 3218 1463 3285 nullo,
1508 3217 1637 3279 nisi
1668 3239 1705 3281 a
1733 3234 1938 3281 semet
1964 3219 2128 3301 ipso,
2154 3239 2427 3285 creatur.

1125 3358 1184 3413 b.
1255 3366 1364 3415 Res
1408 3374 1645 3417 creatae.

517 3448 860 3517 Differunt
889 3458 1084 3542 igitur
1113 3484 1146 3523 a
1177 3464 1316 3525 Deo
1341 3488 1470 3535 res,
1516 3490 1679 3549 quae
1710 3472 2081 3555 primariam
2112 3476 2430 3539 exsisten-
2491 3509 2499 3515 ·

349 3569 478 3657 tiae
511 3594 767 3635 causam
795 3595 938 3635 non
966 3578 1040 3637 in
1067 3598 1174 3648 se,
1214 3581 1327 3643 sed
1370 3583 1443 3644 in
1470 3586 1621 3647 Deo
1648 3601 1957 3673 tanquam
1988 3614 2207 3655 earum
2237 3614 2425 3656 crea-

342 3703 480 3749 tore
515 3690 776 3758 habent.
857 3694 991 3757 Res
1036 3719 1188 3761 vero
1234 3720 1269 3760 a
1324 3702 1491 3783 Deo,
1520 3721 1766 3769 creatae
1818 3708 1893 3769 in
1936 3708 2065 3771 duo
2125 3711 2301 3774 inter
2344 3732 2423 3775 se

339 3806 614 3869 omnino
643 3808 891 3873 diversa
917 3833 1156 3897 genera
1185 3838 1254 3881 se
1284 3818 1725 3906 distinguunt,
1768 3827 1843 3887 in
1885 3848 2027 3885 rem
2059 3844 2422 3890 extensam

323 3936 389 3980 et
417 3920 489 3981 in
521 3942 664 3981 rem
694 3932 1130 4007 cogitantem.
1216 3940 1505 4025 Utraque
1535 3964 1706 4020 vero,
1749 3964 1855 4007 res
1899 3961 2175 4011 extensa
2206 3965 2272 4011 et
2300 3970 2410 4012 res

319 4038 628 4120 cogitans,
673 4062 876 4107 semet
911 4050 1121 4131 ipsam
1147 4053 1218 4115 in
1249 4074 1318 4117 se
1348 4057 1571 4124 efficit.
1660 4064 1790 4123 Res
1824 4080 2128 4142 extensa,
2157 4038 2410 4150 >quam--

311 4151 409 4219 vis
437 4174 671 4235 creata,
710 4160 786 4222 in
808 4182 876 4227 se
901 4172 1166 4252 proprio
1201 4190 1384 4236 motu
1424 4176 1651 4241 eadem
1680 4178 1937 4243 ratione
1960 4184 2222 4266 gaudet,
2268 4208 2406 4271 qua
