2588 4687
841 325 1325 384 -19--...

703 501 753 538 a.
824 487 927 540 Rei
969 493 1235 540 extensae
1262 483 1446 540 Modi.

210 587 497 650 Primum
552 589 1049 666 attributorum,
1110 590 1468 664 Extensio,
1547 587 1776 654 modos
1819 590 2106 656 invioetn

38 706 161 770 sibi
192 705 560 791 oppositos,
614 711 903 790 quietem
958 722 1026 767 ee
1066 721 1320 768 motum
1353 687 1560 770 habet.
1649 707 1846 788 Quies
1870 711 2106 794 spatio,

34 840 256 886 motus
300 825 581 908 tempori
634 823 976 888 inhaerere
1035 823 1326 900 videtur,
1392 841 1648 910 tempus
1705 837 1920 888 autem
1961 845 2106 890 non

23 940 171 1004 misi
200 963 349 1004 oum
378 941 647 1004 materia
674 943 939 1029 eogitari
970 959 1209 1026 potest.
1284 942 1504 1027 cogit.
1531 939 1820 1025 Met-ph.
1847 964 1914 1026 p.
1945 947 2105 1013 1292

34 1059 332 1143 Tempus
384 1075 453 1122 et
502 1058 909 1124 durationem
966 1077 1117 1125 ante
1172 1059 1494 1124 mundum
1549 1057 1888 1124 eonditum
1945 1060 2108 1124 ima-

34 1175 349 1258 ginantur
363 1221 383 1256 ,
457 1193 525 1241 et
566 1177 977 1242 durationem
1032 1179 1271 1264 absque
1323 1181 1517 1244 rebus
1558 1176 1790 1242 creatis
1829 1191 2108 1242 statuere

34 1295 300 1373 volunt,
341 1294 507 1360 sieut
533 1296 639 1360 alii
665 1297 1113 1360 aeternitatem
1156 1313 1342 1360 extra
1367 1297 1624 1374 Deum,
1667 1289 1840 1380 quod
1867 1313 2108 1358 utrum·

22 1432 161 1494 -que
204 1434 245 1473 a
290 1411 555 1476 veritate
594 1413 1067 1478 alienissimum
1110 1430 1256 1478 esse
1280 1413 1414 1496 jam
1442 1430 1714 1477 constat.
1799 1415 2107 1496 Respon-

28 1527 270 1592 demus
310 1531 532 1614 itaque
572 1529 993 1592 falsissimum
1036 1549 1214 1604 esse,
1281 1529 1502 1592 Deum
1549 1549 1730 1592 suam
1775 1529 2110 1592 aeternita-

21 1659 169 1709 ›tem
214 1648 529 1712 creaturis
574 1644 1058 1710 communicare
1083 1664 1323 1729 posse,
1365 1663 1490 1706 nee
1529 1644 1732 1706 filium
1759 1644 1896 1708 Dei
1939 1665 2110 1708 orea-

21 1777 246 1826 =turam
292 1783 475 1837 esse,
528 1763 680 1838 sed,
732 1762 827 1822 uti
848 1777 1129 1844 patrem,
1189 1777 1525 1822 aeternum
1553 1779 1716 1824 esse.
1803 1763 1967 1824 Cum
1994 1763 2114 1824 ita·

21 1902 163 1964 que
211 1878 521 1955 dicimus,
586 1893 841 1961 patrem
882 1876 1089 1938 filium
1130 1879 1209 1939 ab
1244 1890 1510 1938 aeterno
1549 1876 1886 1960 genuisse,
1943 1877 2109 1940 nihil

24 1995 215 2059 aliud
270 1998 605 2072 volumus,
682 2015 875 2079 quam
930 2009 1183 2079 patrem
1242 1995 1427 2058 suain
1483 1994 1934 2058 aeternitatem
1974 1995 2108 2058 filio

21 2133 299 2198 semper
354 2113 889 2178 communicasse.
930 2147 1017 2162 -
1114 2110 1500 2176 Accuratius
1559 2112 1882 2199 Spinoza,
1947 2135 2109 2198 quae

33 2232 271 2316 quietis
316 2250 381 2296 et
423 2249 637 2294 motus
682 2251 907 2296 causae
950 2249 1095 2294 esse
1136 2230 1480 2308 videntur,
1522 2231 1802 2312 spatium
1847 2248 1912 2294 et
1953 2249 2110 2296 tem·

28 2372 151 2443 p-us
202 2346 527 2436 cogitandi
570 2350 799 2413 modos
845 2368 1069 2428 vocat,
1114 2354 1233 2415 sub
1278 2350 1506 2433 quibus
1550 2371 1768 2411 rerum
1815 2352 2111 2412 mutatio-

32 2488 193 2531 nem
238 2486 645 2533 contuemur.
730 2472 967 2533 Verum
1015 2468 1276 2553 quidem
1325 2484 1445 2545 est,
1515 2468 1792 2550 spatium
1837 2488 1912 2530 ac
1953 2486 2111 2531 tem-

34 2609 191 2669 pus,
255 2610 403 2650 cum
445 2584 785 2650 materiam
830 2603 895 2649 et
937 2603 1187 2648 motum
1232 2586 1514 2647 minime
1561 2605 1858 2670 separare
1899 2586 2112 2670 possi·-

34 2726 218 2780 mus,
279 2708 625 2769 abstractas
679 2726 897 2768 rerum
940 2701 1183 2765 formas
1243 2724 1422 2781 esse,
1493 2676 1658 2786 quae
1715 2705 2110 2786 singularem

36 2840 219 2885 extra
248 2844 350 2886 res
384 2810 829 2887 exsistentiam
860 2844 1004 2885 non
1028 2823 1306 2906 habent3
1359 2842 1506 2884 non
1551 2837 1776 2885 tamen
1817 2822 2113 2897 omnino,

40 2957 103 3002 ut
156 2940 449 3027 Spinoza
507 2942 907 3014 exsistimat,
972 2941 1047 3000 in
1113 2939 1253 2999 sola
1312 2939 1737 3019 cogitatione,
1813 2937 1928 2998 sed
1986 2956 2118 2997 una

42 3077 185 3121 oum
242 3038 437 3119 rebus
498 3055 807 3133 objective
867 3051 1201 3113 exsistere.
1319 3050 1606 3130 Spinoza
1673 3049 1816 3129 ipse
1874 3048 2116 3109 inscius

38 3173 215 3237 hanc
260 3166 655 3232 sententiam
710 3162 996 3248 profert,
1066 3162 1213 3245 quia
1270 3182 1394 3225 nos
1455 3182 1674 3223 rerum
1722 3164 2116 3229 mutationes

42 3294 153 3355 sub
202 3289 328 3353 illis
376 3283 699 3371 cogitandi
743 3281 969 3347 formis
1017 3278 1400 3359 conspicere
1444 3278 1619 3348 dicit.
1676 3280 1792 3360 (cf.
1837 3282 2117 3366 Epistol.

44 3411 257 3474 LVIII.
331 3430 393 3490 p.
438 3406 585 3471 649.
650 3402 731 3467 de
791 3397 1337 3487 pulchritudine.)
1443 3403 1606 3463 Cum
1663 3400 1838 3463 enim
1896 3423 2113 3465 rerum

48 3526 309 3587 mutatio
353 3506 495 3585 non
537 3522 667 3583 nisi
730 3523 806 3583 in
866 3519 1074 3603 spatio
1130 3535 1199 3581 et
1254 3518 1447 3581 simul
1505 3519 1578 3581 in
1638 3536 1934 3604 tempore
1975 3518 2118 3581 fieri

52 3644 293 3724 possit,
331 3661 437 3704 res
481 3641 689 3723 ipsas,
734 3640 1013 3723 perenni
1055 3654 1241 3701 motu
1284 3636 1638 3721 gaudentes
1684 3638 1884 3717 (nam
1935 3635 2118 3716 quies

54 3759 252 3823 forma
308 3775 565 3821 tantum
626 3771 843 3819 motus
904 3756 1049 3835 est)
1104 3770 1474 3817 concretam
1535 3776 1760 3818 eorum
1802 3751 2120 3815 unitatem

57 3897 228 3957 esse,
288 3878 439 3941 satis
482 3886 771 3959 apparet.

685 3987 744 4042 b.
816 3988 917 4039 Rei
952 3984 1251 4056 cogitantis
1284 3982 1468 4036 Medi.

216 4079 513 4145 Alterum
556 4075 1031 4141 Attributorum
1056 4114 1075 4148 ‚
1153 4070 1508 4155 Cogitatio,
1575 4070 1938 4137 exsistendi
1981 4096 2122 4137 mo-

66 4196 165 4266 dos
212 4198 633 4262 intellectum
683 4192 875 4259 habet
933 4209 998 4255 et
1053 4190 1504 4255 voluntatem.
1595 4190 1876 4272 Spinoza
1933 4193 2120 4253 illum

1564 4296 1614 4356 B
1663 4300 1702 4359 2
