2588 4687
1150 249 1636 314 —14—

370 425 593 492 omnia
636 435 967 484 momenta
1010 415 1360 504 explicatio
1405 415 1479 476 in
1514 409 1965 498 philosophiae
2013 410 2454 490 speculativae

368 540 737 608 evolutione
776 537 1054 600 omnino
1102 534 1468 597 necessaria
1511 531 1672 608 fuit,
1717 529 2016 614 ideoque,
2065 547 2136 590 ut
2177 529 2314 612 jam
2356 546 2455 588 su·

368 681 487 750 pra
528 658 602 718 in
657 655 933 718 transitu
984 675 1024 716 e
1065 651 1474 738 philosophia
1535 651 1915 714 Cartesiana
1973 647 2448 720 admonuimus,

373 794 651 860 systema
710 773 913 834 hoece
968 775 1147 834 nullo
1206 770 1403 832 modo
1445 786 1518 832 ut
1563 791 1600 832 e
1643 769 1967 852 Spinozae
2017 766 2294 830 arbitrio
2339 785 2450 824 na·

372 913 510 960 tum
552 891 1100 956 considerandum
1145 906 1258 954 est.
1306 891 1574 974 (Hegel,
1619 889 1970 973 subjective
1997 887 2224 970 Logik.
2263 911 2328 970 p.
2361 890 2450 961 6.)

374 1013 781 1076 Substantiae
838 1009 1023 1072 notio
1080 1025 1257 1072 reete
1317 1009 1591 1090 insuper
1656 1030 1693 1070 a
1750 1007 2034 1091 Spinoza
2092 1021 2448 1089 perspecta,

375 1144 443 1191 et
482 1130 556 1190 in
599 1127 729 1190 boe
768 1142 1025 1188 tantum
1070 1128 1149 1186 ab
1203 1146 1285 1187 eo
1347 1141 1686 1204 peceatum
1731 1139 1865 1199 est,
1929 1121 2106 1206 quod
2147 1139 2292 1184 eam
2336 1141 2448 1205 pro

380 1247 679 1310 absoluto
720 1241 1169 1330 philosophiae
1214 1241 1544 1327 principio
1589 1242 1914 1305 habuerit.

1185 1413 1237 1468 1.
1300 1407 1649 1462 Substantia.

544 1513 1071 1578 Determinatutn
1119 1535 1356 1602 omne,
1393 1530 1464 1573 ut
1509 1507 1953 1596 concipiatur,
2001 1511 2196 1584 alius,
2242 1529 2276 1568 a
2323 1529 2449 1590 quo

380 1633 819 1716 concipiatur,
870 1634 1151 1718 indiget,
1198 1636 1348 1718 quia
1391 1653 1721 1716 praeterea
1768 1655 1906 1694 non
1951 1633 2448 1696 determinatum

379 1753 479 1814 vel
508 1751 757 1812 finitum
792 1768 983 1813 esset.
1074 1750 1263 1831 Quod
1297 1751 1551 1812 finitum
1587 1767 1728 1825 est,
1773 1751 1934 1811 alius
1967 1747 2248 1831 indiget,
2291 1748 2356 1812 h.
2400 1770 2454 1810 e.

380 1888 733 1951 conceptus
766 1870 859 1930 sui
894 1890 1029 1928 non
1061 1869 1132 1926 in
1164 1891 1297 1944 sua,
1343 1867 1456 1930 sed
1486 1871 1558 1929 in
1603 1871 1720 1930 alia
1755 1867 2026 1952 quadam
2073 1889 2211 1927 non
2245 1868 2453 1930 minus
2533 1897 2536 1996 y

382 1983 809 2046 determinata
866 2004 941 2043 ae
996 1982 1177 2043 finita
1236 1984 1612 2046 exsistentia
1669 1985 1881 2069 posita
1943 2001 2059 2045 est.
2177 1985 2454 2046 Finitum

381 2117 593 2165 autem
639 2119 779 2158 non
822 2098 895 2158 in
936 2120 1003 2162 se
1044 2098 1406 2183 perfectum
1454 2120 1587 2177 ent,
1632 2104 1872 2186 quippe
1920 2099 2090 2185 quod
2132 2101 2350 2184 ipsum
2397 2121 2458 2165 et

380 2215 549 2280 aliud
588 2215 923 2304 ‘quoddam
982 2235 1188 2280 totum
1251 2219 1510 2281 demum
1577 2219 1886 2283 efficiunt.
1949 2197 1962 2204 ⁵
2023 2217 2216 2300 Quod
2269 2220 2458 2304 igitur
2539 2212 2541 2284 i

375 2333 734 2421 perfeetum
794 2354 914 2412 est,
982 2360 1131 2400 curn
1175 2361 1303 2403 nec
1355 2363 1560 2402 unum
1606 2362 1732 2402 nee
1775 2341 2044 2403 alterum
2096 2339 2214 2417 sit,
2293 2362 2460 2403 non·
2541 2316 2543 2377 5

380 2451 510 2515 nisi
552 2454 776 2521 ⁴Unum
822 2472 961 2516 esse
1002 2472 1239 2539 potest.

549 2590 719 2658 „Per
762 2610 1043 2649 causam
1084 2594 1193 2651 sui
1231 2592 1522 2677 intelligo
1550 2592 1656 2670 id,
1711 2595 1890 2677 cujus
1923 2595 2205 2657 essentia
2250 2594 2461 2657 invol-

380 2708 473 2772 vit
516 2707 994 2784 exsistentiam,
1064 2708 1201 2773 sive
1245 2709 1349 2784 id,
1419 2712 1599 2795 eujus
1665 2729 1894 2773 natura
1934 2734 2075 2774 non
2115 2712 2245 2773 nisi
2291 2712 2464 2773 exsi-

384 2841 563 2891 stens
622 2839 835 2908 potest
890 2824 1177 2909 concipi,
1317 2828 1435 2887 Per
1487 2827 1947 2887 substanciam
2000 2829 2296 2913 intelligo
2355 2827 2463 2904 id,

384 2942 555 3031 quod
598 2942 673 3005 in
720 2964 789 3006 se
832 2958 965 3019 est,
1008 2960 1071 3005 et
1112 2965 1229 3029 per
1274 2965 1343 3007 se
1390 2946 1792 3031 concipitur,
1854 2947 1917 3009 h.
1962 2969 2019 3015 e.
2069 2946 2247 3028 cujus
2293 2966 2466 3005 con-

380 3080 600 3145 ceptus
658 3084 802 3126 non
857 3062 1106 3148 indiget
1164 3083 1490 3149 conceptu
1549 3066 1806 3133 alterius
1865 3066 1997 3142 rel,
2060 3087 2096 3126 a
2155 3086 2284 3149 quo
2330 3062 2465 3123 for-

379 3183 546 3242 mari
588 3182 896 3243 debeat.“
980 3182 1155 3260 (Eth.
1184 3186 1248 3247 P.
1276 3186 1325 3249 1.
1370 3183 1528 3251 Def.
1559 3188 1604 3246 1.
1635 3188 1741 3246 111.
1790 3189 1975 3268 Prop.
2007 3182 2166 3261 XX.)

552 3313 917 3377 Substantia
958 3316 1155 3395 igitur
1199 3337 1338 3378 non
1381 3318 1455 3379 in
1504 3319 1663 3393 alio,
1729 3317 1840 3381 sed
1887 3340 1970 3380 ex
2013 3338 2080 3379 se
2121 3316 2196 3377 in
2239 3332 2308 3376 se
2347 3334 2463 3376 seu

388 3450 577 3495 causa
623 3428 721 3493 sui
761 3446 878 3497 est.
976 3430 1304 3515 Siquidem
1351 3448 1521 3495 esset
1563 3433 1637 3493 in
1680 3434 1842 3510 alio,
1914 3436 1988 3495 ab
2032 3432 2158 3495 hoo
2201 3453 2462 3516 quoque

376 3550 611 3615 effecta
639 3569 849 3632 neque
889 3548 1277 3611 existentiae
1307 3562 1455 3609 eum
1489 3552 1764 3613 essentia
1793 3552 2006 3614 unitas
2036 3568 2224 3617 esset.
2269 3550 2461 3631 (Eth.

378 3672 447 3735 Ρ.
478 3672 528 3735 1,
569 3673 756 3753 Prop.
787 3667 947 3730 XIV.
978 3666 1145 3747 XV.)
1233 3670 1395 3730 Cum
1443 3690 1600 3732 vero
1642 3670 1718 3730 in
1761 3686 1876 3731 suo
1909 3670 2067 3733 Esse
2113 3669 2211 3731 sui
2255 3668 2457 3753 ipsius

382 3804 735 3871 conceptus
770 3786 891 3863 sit,
922 3807 1065 3849 non
1094 3803 1227 3861 est,
1273 3786 1446 3872 quod
1494 3810 1634 3850 eam
1667 3809 1968 3875 superare
1995 3805 2246 3873 posset3
2273 3860 2280 3863 ,
2309 3787 2460 3871 ipsa

380 3902 513 3966 sola
571 3908 795 3967 omnia
851 3907 1336 3991 transgreditur.
1422 3911 1501 3969 In
1547 3908 1942 3982 Substantia,
2015 3924 2329 3989 quatenus
2389 3920 2460 3964 ut

379 4039 569 4081 eausa
624 4022 722 4080 sui
780 4022 1195 4107 intelligitur,
1266 4026 1563 4105 primum
1623 4026 1788 4085 ratio
1845 4024 2064 4097 finita,
2139 4046 2287 4083 cum
2333 4022 2458 4083 hac

374 4126 529 4201 vero
581 4137 835 4212 omnia,
910 4160 1075 4219 quae
1118 4139 1553 4200 determinata
1614 4159 1690 4200 ac
1733 4140 2293 4203 determinatione
2335 4160 2457 4201 ne-
